<?xml version="1.0" encoding="UTF-8"?>
<!DOCTYPE html PUBLIC "-//W3C//DTD XHTML 1.0 Transitional//EN"
    "http://www.w3.org/TR/xhtml1/DTD/xhtml1-transitional.dtd">
<html xmlns="http://www.w3.org/1999/xhtml" xml:lang="en" lang="en">
 <head>
  <title>
</title>
<meta http-equiv="Content-Type" content="text/html;charset=utf-8" />
  <meta name='ocr-system' content='tesseract 3.04.00' />
  <meta name='ocr-capabilities' content='ocr_page ocr_carea ocr_par ocr_line ocrx_word'/>
</head>
<body>
  <div class='ocr_page' id='page_1' title='image "./codexfcorbeiens00unkngoog_0065.png"; bbox 0 0 3467 5192; ppageno 0'>
   <div class='ocr_carea' id='block_1_1' title="bbox 702 274 1465 340">
    <p class='ocr_par' dir='ltr' id='par_1_1' title="bbox 702 274 1465 340">
     <span class='ocr_line' id='line_1_1' title="bbox 702 274 1465 340; baseline 0.001 -14"><span class='ocrx_word' id='word_1_1' title='bbox 702 275 856 328; x_wconf 90' lang='lat' dir='ltr'>iohannem</span> <span class='ocrx_word' id='word_1_2' title='bbox 876 275 909 338; x_wconf 91' lang='lat' dir='ltr'>(c.</span> <span class='ocrx_word' id='word_1_3' title='bbox 932 274 988 340; x_wconf 83' lang='lat'>15).</span> <span class='ocrx_word' id='word_1_4' title='bbox 1421 276 1465 339; x_wconf 79' lang='lat'>53</span> 
     </span>
    </p>
   </div>
   <div class='ocr_carea' id='block_1_2' title="bbox 224 443 1490 4727">
    <p class='ocr_par' dir='ltr' id='par_1_2' title="bbox 226 443 1490 4296">
     <span class='ocr_line' id='line_1_2' title="bbox 234 443 1467 530; baseline 0.002 -22"><span class='ocrx_word' id='word_1_5' title='bbox 234 451 350 509; x_wconf 87' lang='lat' dir='ltr'>manet.</span> <span class='ocrx_word' id='word_1_6' title='bbox 396 443 410 481; x_wconf 84' lang='lat'>⁵</span> <span class='ocrx_word' id='word_1_7' title='bbox 453 445 522 528; x_wconf 79' lang='lat' dir='ltr'>Ego</span> <span class='ocrx_word' id='word_1_8' title='bbox 545 467 614 508; x_wconf 88' lang='lat' dir='ltr'>sum</span> <span class='ocrx_word' id='word_1_9' title='bbox 638 443 714 509; x_wconf 88' lang='lat' dir='ltr'>uitis</span> <span class='ocrx_word' id='word_1_10' title='bbox 738 452 769 510; x_wconf 83' lang='lat' dir='ltr'>et</span> <span class='ocrx_word' id='word_1_11' title='bbox 792 469 848 510; x_wconf 87' lang='lat' dir='ltr'>uos</span> <span class='ocrx_word' id='word_1_12' title='bbox 870 445 1016 530; x_wconf 78' lang='lat' dir='ltr'>palmites</span> <span class='ocrx_word' id='word_1_13' title='bbox 1039 443 1094 528; x_wconf 91' lang='lat' dir='ltr'>qui</span> <span class='ocrx_word' id='word_1_14' title='bbox 1117 453 1225 508; x_wconf 87' lang='lat' dir='ltr'>manet</span> <span class='ocrx_word' id='word_1_15' title='bbox 1244 444 1277 509; x_wconf 92' lang='lat' dir='ltr'>in</span> <span class='ocrx_word' id='word_1_16' title='bbox 1294 468 1344 508; x_wconf 93' lang='lat' dir='ltr'>me</span> <span class='ocrx_word' id='word_1_17' title='bbox 1361 449 1393 509; x_wconf 89' lang='lat' dir='ltr'>et</span> <span class='ocrx_word' id='word_1_18' title='bbox 1407 467 1467 529; x_wconf 84' lang='lat' dir='ltr'>ego</span> 
     </span>
     <span class='ocr_line' id='line_1_3' title="bbox 233 545 1465 633; baseline 0.002 -23"><span class='ocrx_word' id='word_1_19' title='bbox 233 545 268 610; x_wconf 92' lang='lat' dir='ltr'>in</span> <span class='ocrx_word' id='word_1_20' title='bbox 290 545 342 610; x_wconf 92' lang='lat' dir='ltr'>illo</span> <span class='ocrx_word' id='word_1_21' title='bbox 365 545 415 611; x_wconf 90' lang='lat' dir='ltr'>hic</span> <span class='ocrx_word' id='word_1_22' title='bbox 438 546 540 611; x_wconf 81' lang='lat' dir='ltr'><strong>adfert</strong></span> <span class='ocrx_word' id='word_1_23' title='bbox 563 547 701 613; x_wconf 86' lang='lat' dir='ltr'>fructum</span> <span class='ocrx_word' id='word_1_24' title='bbox 725 547 887 633; x_wconf 89' lang='lat' dir='ltr'>copiosum</span> <span class='ocrx_word' id='word_1_25' title='bbox 910 547 986 632; x_wconf 89' lang='lat' dir='ltr'>quia</span> <span class='ocrx_word' id='word_1_26' title='bbox 1007 545 1076 611; x_wconf 88' lang='lat' dir='ltr'>sine</span> <span class='ocrx_word' id='word_1_27' title='bbox 1099 569 1150 610; x_wconf 91' lang='lat' dir='ltr'>me</span> <span class='ocrx_word' id='word_1_28' title='bbox 1173 545 1254 610; x_wconf 87' lang='lat' dir='ltr'>nihil</span> <span class='ocrx_word' id='word_1_29' title='bbox 1276 549 1408 632; x_wconf 89' lang='lat' dir='ltr'>potestis</span> <span class='ocrx_word' id='word_1_30' title='bbox 1424 547 1465 612; x_wconf 90' lang='lat' dir='ltr'>f·</span> 
     </span>
     <span class='ocr_line' id='line_1_4' title="bbox 235 647 1467 736; baseline 0.001 -22"><span class='ocrx_word' id='word_1_31' title='bbox 235 671 312 714; x_wconf 89' lang='lat' dir='ltr'>cere.</span> <span class='ocrx_word' id='word_1_32' title='bbox 328 647 381 712; x_wconf 83' lang='lat' dir='ltr'>⁶si</span> <span class='ocrx_word' id='word_1_33' title='bbox 404 649 475 733; x_wconf 87' lang='lat' dir='ltr'>quis</span> <span class='ocrx_word' id='word_1_34' title='bbox 497 650 532 714; x_wconf 90' lang='lat' dir='ltr'>in</span> <span class='ocrx_word' id='word_1_35' title='bbox 555 674 605 714; x_wconf 87' lang='lat' dir='ltr'>me</span> <span class='ocrx_word' id='word_1_36' title='bbox 629 655 671 714; x_wconf 83' lang='lat' dir='ltr'>nd</span> <span class='ocrx_word' id='word_1_37' title='bbox 694 651 845 715; x_wconf 82' lang='lat' dir='ltr'>manserit</span> <span class='ocrx_word' id='word_1_38' title='bbox 867 649 1008 736; x_wconf 88' lang='lat' dir='ltr'>precisus</span> <span class='ocrx_word' id='word_1_39' title='bbox 1032 661 1079 712; x_wconf 88' lang='lat' dir='ltr'>est</span> <span class='ocrx_word' id='word_1_40' title='bbox 1103 648 1186 712; x_wconf 83' lang='lat' dir='ltr'>sicut</span> <span class='ocrx_word' id='word_1_41' title='bbox 1207 649 1327 734; x_wconf 90' lang='lat' dir='ltr'>palmes</span> <span class='ocrx_word' id='word_1_42' title='bbox 1344 657 1375 715; x_wconf 92' lang='lat' dir='ltr'>et</span> <span class='ocrx_word' id='word_1_43' title='bbox 1395 649 1467 714; x_wconf 87' lang='lat' dir='ltr'>mis·</span> 
     </span>
     <span class='ocr_line' id='line_1_5' title="bbox 234 748 1465 838; baseline 0.001 -22"><span class='ocrx_word' id='word_1_44' title='bbox 234 774 287 816; x_wconf 85' lang='lat' dir='ltr'>sus</span> <span class='ocrx_word' id='word_1_45' title='bbox 310 759 357 816; x_wconf 85' lang='lat' dir='ltr'>est</span> <span class='ocrx_word' id='word_1_46' title='bbox 379 751 462 817; x_wconf 88' lang='lat' dir='ltr'>foras</span> <span class='ocrx_word' id='word_1_47' title='bbox 485 758 516 817; x_wconf 90' lang='lat' dir='ltr'>et</span> <span class='ocrx_word' id='word_1_48' title='bbox 539 751 622 816; x_wconf 87' lang='lat' dir='ltr'>aruit</span> <span class='ocrx_word' id='word_1_49' title='bbox 645 761 677 818; x_wconf 92' lang='lat' dir='ltr'>et</span> <span class='ocrx_word' id='word_1_50' title='bbox 698 753 846 838; x_wconf 87' lang='lat' dir='ltr'>colligent</span> <span class='ocrx_word' id='word_1_51' title='bbox 869 775 937 818; x_wconf 88' lang='lat' dir='ltr'>eum</span> <span class='ocrx_word' id='word_1_52' title='bbox 962 757 993 816; x_wconf 87' lang='lat' dir='ltr'>et</span> <span class='ocrx_word' id='word_1_53' title='bbox 1020 751 1052 815; x_wconf 90' lang='lat' dir='ltr'>in</span> <span class='ocrx_word' id='word_1_54' title='bbox 1085 748 1161 834; x_wconf 71' lang='lat' dir='ltr'>igne</span> <span class='ocrx_word' id='word_1_55' title='bbox 1192 751 1324 817; x_wconf 92' lang='lat' dir='ltr'>mittunt</span> <span class='ocrx_word' id='word_1_56' title='bbox 1357 757 1388 817; x_wconf 92' lang='lat' dir='ltr'>et</span> <span class='ocrx_word' id='word_1_57' title='bbox 1417 776 1465 817; x_wconf 87' lang='lat' dir='ltr'>ar·</span> 
     </span>
     <span class='ocr_line' id='line_1_6' title="bbox 235 852 1466 920; baseline 0.002 -3"><span class='ocrx_word' id='word_1_58' title='bbox 235 853 319 919; x_wconf 89' lang='lat' dir='ltr'>dent.</span> <span class='ocrx_word' id='word_1_59' title='bbox 366 853 378 891; x_wconf 80' lang='lat'>⁷</span> <span class='ocrx_word' id='word_1_60' title='bbox 422 853 458 919; x_wconf 84' lang='lat' dir='ltr'>Si</span> <span class='ocrx_word' id='word_1_61' title='bbox 482 853 661 920; x_wconf 77' lang='lat' dir='ltr'>manseritis</span> <span class='ocrx_word' id='word_1_62' title='bbox 685 855 718 919; x_wconf 93' lang='lat' dir='ltr'>iu</span> <span class='ocrx_word' id='word_1_63' title='bbox 741 879 792 919; x_wconf 90' lang='lat' dir='ltr'>me</span> <span class='ocrx_word' id='word_1_64' title='bbox 815 864 846 919; x_wconf 92' lang='lat' dir='ltr'>et</span> <span class='ocrx_word' id='word_1_65' title='bbox 876 856 973 919; x_wconf 93' lang='lat' dir='ltr'>uerba</span> <span class='ocrx_word' id='word_1_66' title='bbox 1004 877 1074 917; x_wconf 89' lang='lat' dir='ltr'>mea</span> <span class='ocrx_word' id='word_1_67' title='bbox 1100 852 1134 915; x_wconf 91' lang='lat' dir='ltr'>in</span> <span class='ocrx_word' id='word_1_68' title='bbox 1168 853 1256 918; x_wconf 87' lang='lat' dir='ltr'>uobis</span> <span class='ocrx_word' id='word_1_69' title='bbox 1290 855 1466 919; x_wconf 82' lang='lat' dir='ltr'>manserint</span> 
     </span>
     <span class='ocr_line' id='line_1_7' title="bbox 233 952 1490 1044; baseline 0.002 -24"><span class='ocrx_word' id='word_1_70' title='bbox 233 957 455 1041; x_wconf 90' lang='lat' dir='ltr'>quodcumque</span> <span class='ocrx_word' id='word_1_71' title='bbox 478 957 642 1022; x_wconf 85' lang='lat' dir='ltr'>uolueritis</span> <span class='ocrx_word' id='word_1_72' title='bbox 663 957 824 1044; x_wconf 72' lang='lat' dir='ltr'>petitesd)</span> <span class='ocrx_word' id='word_1_73' title='bbox 848 965 880 1022; x_wconf 90' lang='lat' dir='ltr'>et</span> <span class='ocrx_word' id='word_1_74' title='bbox 900 959 955 1021; x_wconf 87' lang='lat' dir='ltr'>fiet</span> <span class='ocrx_word' id='word_1_75' title='bbox 967 956 1065 1021; x_wconf 86' lang='lat' dir='ltr'>uobis.</span> <span class='ocrx_word' id='word_1_76' title='bbox 1079 953 1135 1018; x_wconf 82' lang='lat' dir='ltr'>⁸in</span> <span class='ocrx_word' id='word_1_77' title='bbox 1148 956 1207 1021; x_wconf 85' lang='lat' dir='ltr'>hoo</span> <span class='ocrx_word' id='word_1_78' title='bbox 1219 956 1406 1023; x_wconf 83' lang='lat' dir='ltr'>clarificatus</span> <span class='ocrx_word' id='word_1_79' title='bbox 1418 965 1466 1022; x_wconf 87' lang='lat' dir='ltr'>est</span> <span class='ocrx_word' id='word_1_80' title='bbox 1488 952 1490 955; x_wconf 60' lang='grc'><strong>’</strong></span> 
     </span>
     <span class='ocr_line' id='line_1_8' title="bbox 232 1057 1464 1146; baseline 0.001 -23"><span class='ocrx_word' id='word_1_81' title='bbox 232 1064 322 1144; x_wconf 89' lang='lat' dir='ltr'>pater</span> <span class='ocrx_word' id='word_1_82' title='bbox 344 1081 433 1123; x_wconf 87' lang='lat' dir='ltr'>meus</span> <span class='ocrx_word' id='word_1_83' title='bbox 456 1065 492 1124; x_wconf 88' lang='lat' dir='ltr'>ut</span> <span class='ocrx_word' id='word_1_84' title='bbox 513 1058 652 1126; x_wconf 89' lang='lat' dir='ltr'>fructum</span> <span class='ocrx_word' id='word_1_85' title='bbox 675 1059 846 1146; x_wconf 84' lang='lat' dir='ltr'>plurimum</span> <span class='ocrx_word' id='word_1_86' title='bbox 870 1058 994 1124; x_wconf 87' lang='lat' dir='ltr'>faciatis</span> <span class='ocrx_word' id='word_1_87' title='bbox 1017 1063 1049 1124; x_wconf 89' lang='lat' dir='ltr'>et</span> <span class='ocrx_word' id='word_1_88' title='bbox 1072 1057 1255 1123; x_wconf 88' lang='lat' dir='ltr'>efficiamini</span> <span class='ocrx_word' id='word_1_89' title='bbox 1285 1058 1349 1123; x_wconf 90' lang='lat' dir='ltr'>mei</span> <span class='ocrx_word' id='word_1_90' title='bbox 1371 1059 1464 1124; x_wconf 87' lang='lat' dir='ltr'>disci-</span> 
     </span>
     <span class='ocr_line' id='line_1_9' title="bbox 232 1157 1463 1248; baseline 0.002 -23"><span class='ocrx_word' id='word_1_91' title='bbox 232 1160 308 1246; x_wconf 91' lang='lat' dir='ltr'>puli.</span> <span class='ocrx_word' id='word_1_92' title='bbox 323 1157 429 1226; x_wconf 84' lang='lat' dir='ltr'>⁹sicut</span> <span class='ocrx_word' id='word_1_93' title='bbox 451 1160 564 1226; x_wconf 89' lang='lat' dir='ltr'>dilexit</span> <span class='ocrx_word' id='word_1_94' title='bbox 586 1185 636 1227; x_wconf 89' lang='lat' dir='ltr'>me</span> <span class='ocrx_word' id='word_1_95' title='bbox 658 1169 748 1248; x_wconf 88' lang='lat' dir='ltr'>pater</span> <span class='ocrx_word' id='word_1_96' title='bbox 771 1171 803 1226; x_wconf 91' lang='lat' dir='ltr'>et</span> <span class='ocrx_word' id='word_1_97' title='bbox 829 1185 886 1246; x_wconf 88' lang='lat' dir='ltr'>ego</span> <span class='ocrx_word' id='word_1_98' title='bbox 913 1185 970 1226; x_wconf 91' lang='lat' dir='ltr'>uos</span> <span class='ocrx_word' id='word_1_99' title='bbox 1000 1160 1106 1226; x_wconf 89' lang='lat' dir='ltr'>dilexi.</span> <span class='ocrx_word' id='word_1_100' title='bbox 1138 1167 1262 1226; x_wconf 90' lang='lat' dir='ltr'>manete</span> <span class='ocrx_word' id='word_1_101' title='bbox 1295 1161 1329 1226; x_wconf 90' lang='lat' dir='ltr'>in</span> <span class='ocrx_word' id='word_1_102' title='bbox 1364 1161 1463 1227; x_wconf 89' lang='lat' dir='ltr'>delec-</span> 
     </span>
     <span class='ocr_line' id='line_1_10' title="bbox 232 1261 1467 1351; baseline 0.002 -24"><span class='ocrx_word' id='word_1_103' title='bbox 232 1261 319 1328; x_wconf 82' lang='lat' dir='ltr'>tione</span> <span class='ocrx_word' id='word_1_104' title='bbox 328 1261 361 1346; x_wconf 82' lang='lat'>(1)</span> <span class='ocrx_word' id='word_1_105' title='bbox 385 1285 464 1327; x_wconf 89' lang='lat' dir='ltr'>mea.</span> <span class='ocrx_word' id='word_1_106' title='bbox 481 1261 544 1328; x_wconf 86' lang='lat' dir='ltr'>¹⁰ai</span> <span class='ocrx_word' id='word_1_107' title='bbox 573 1272 721 1351; x_wconf 88' lang='lat' dir='ltr'>precepta</span> <span class='ocrx_word' id='word_1_108' title='bbox 751 1288 821 1329; x_wconf 88' lang='lat' dir='ltr'>mea</span> <span class='ocrx_word' id='word_1_109' title='bbox 839 1263 1041 1330; x_wconf 86' lang='lat' dir='ltr'>seruaueritis</span> <span class='ocrx_word' id='word_1_110' title='bbox 1057 1263 1226 1329; x_wconf 86' lang='lat' dir='ltr'>manebitis</span> <span class='ocrx_word' id='word_1_111' title='bbox 1246 1265 1278 1328; x_wconf 92' lang='lat' dir='ltr'>in</span> <span class='ocrx_word' id='word_1_112' title='bbox 1296 1265 1467 1330; x_wconf 84' lang='lat' dir='ltr'>dilectione</span> 
     </span>
     <span class='ocr_line' id='line_1_11' title="bbox 232 1365 1466 1454; baseline 0.002 -24"><span class='ocrx_word' id='word_1_113' title='bbox 232 1388 303 1430; x_wconf 90' lang='lat' dir='ltr'>mea</span> <span class='ocrx_word' id='word_1_114' title='bbox 325 1365 406 1431; x_wconf 90' lang='lat' dir='ltr'>sicut</span> <span class='ocrx_word' id='word_1_115' title='bbox 429 1372 461 1430; x_wconf 94' lang='lat' dir='ltr'>et</span> <span class='ocrx_word' id='word_1_116' title='bbox 483 1389 540 1451; x_wconf 83' lang='lat' dir='ltr'>ego</span> <span class='ocrx_word' id='word_1_117' title='bbox 565 1368 663 1453; x_wconf 84' lang='lat' dir='ltr'>patris</span> <span class='ocrx_word' id='word_1_118' title='bbox 689 1365 778 1452; x_wconf 67' lang='lat' dir='ltr'>[mail</span> <span class='ocrx_word' id='word_1_119' title='bbox 796 1373 955 1454; x_wconf 84' lang='lat' dir='ltr'>praecepta</span> <span class='ocrx_word' id='word_1_120' title='bbox 977 1365 1104 1430; x_wconf 89' lang='lat' dir='ltr'>seruabi</span> <span class='ocrx_word' id='word_1_121' title='bbox 1130 1372 1163 1430; x_wconf 89' lang='lat' dir='ltr'>et</span> <span class='ocrx_word' id='word_1_122' title='bbox 1190 1390 1302 1432; x_wconf 88' lang='lat' dir='ltr'>maneo</span> <span class='ocrx_word' id='word_1_123' title='bbox 1331 1367 1365 1431; x_wconf 92' lang='lat' dir='ltr'>in</span> <span class='ocrx_word' id='word_1_124' title='bbox 1395 1368 1466 1432; x_wconf 89' lang='lat' dir='ltr'>eius</span> 
     </span>
     <span class='ocr_line' id='line_1_12' title="bbox 232 1467 1463 1554; baseline 0.002 -23"><span class='ocrx_word' id='word_1_125' title='bbox 232 1467 443 1533; x_wconf 88' lang='lat' dir='ltr'>dilectionem.</span> <span class='ocrx_word' id='word_1_126' title='bbox 490 1468 516 1505; x_wconf 84' lang='lat'>¹¹</span> <span class='ocrx_word' id='word_1_127' title='bbox 561 1469 800 1535; x_wconf 86' lang='lat' dir='ltr'>Haeclocutus</span> <span class='ocrx_word' id='word_1_128' title='bbox 824 1493 894 1534; x_wconf 89' lang='lat' dir='ltr'>sum</span> <span class='ocrx_word' id='word_1_129' title='bbox 917 1469 1008 1534; x_wconf 89' lang='lat' dir='ltr'>uobis</span> <span class='ocrx_word' id='word_1_130' title='bbox 1039 1478 1076 1534; x_wconf 94' lang='lat' dir='ltr'>ut</span> <span class='ocrx_word' id='word_1_131' title='bbox 1104 1469 1256 1554; x_wconf 85' lang='lat' dir='ltr'>gaudium</span> <span class='ocrx_word' id='word_1_132' title='bbox 1289 1493 1395 1534; x_wconf 94' lang='lat' dir='ltr'>meum</span> <span class='ocrx_word' id='word_1_133' title='bbox 1428 1470 1463 1534; x_wconf 91' lang='lat' dir='ltr'>in</span> 
     </span>
     <span class='ocr_line' id='line_1_13' title="bbox 232 1569 1464 1657; baseline 0.002 -23"><span class='ocrx_word' id='word_1_134' title='bbox 232 1569 322 1635; x_wconf 84' lang='lat' dir='ltr'>uobis</span> <span class='ocrx_word' id='word_1_135' title='bbox 345 1570 396 1635; x_wconf 86' lang='lat' dir='ltr'>sit</span> <span class='ocrx_word' id='word_1_136' title='bbox 410 1578 441 1636; x_wconf 92' lang='lat' dir='ltr'>et</span> <span class='ocrx_word' id='word_1_137' title='bbox 462 1571 612 1655; x_wconf 86' lang='lat' dir='ltr'>gaudium</span> <span class='ocrx_word' id='word_1_138' title='bbox 637 1577 777 1636; x_wconf 86' lang='lat' dir='ltr'>uestrum</span> <span class='ocrx_word' id='word_1_139' title='bbox 792 1571 959 1657; x_wconf 83' lang='lat' dir='ltr'>inpleatur.</span> <span class='ocrx_word' id='word_1_140' title='bbox 976 1569 1002 1608; x_wconf 75' lang='lat'>¹²</span> <span class='ocrx_word' id='word_1_141' title='bbox 1013 1572 1073 1636; x_wconf 90' lang='lat' dir='ltr'>hoc</span> <span class='ocrx_word' id='word_1_142' title='bbox 1087 1580 1135 1638; x_wconf 88' lang='lat' dir='ltr'>est</span> <span class='ocrx_word' id='word_1_143' title='bbox 1149 1578 1342 1657; x_wconf 83' lang='lat' dir='ltr'>praeceptum</span> <span class='ocrx_word' id='word_1_144' title='bbox 1357 1595 1464 1637; x_wconf 92' lang='lat' dir='ltr'>meum</span> 
     </span>
     <span class='ocr_line' id='line_1_14' title="bbox 232 1673 1464 1760; baseline 0.002 -24"><span class='ocrx_word' id='word_1_145' title='bbox 232 1680 268 1738; x_wconf 90' lang='lat' dir='ltr'>ut</span> <span class='ocrx_word' id='word_1_146' title='bbox 291 1673 430 1758; x_wconf 85' lang='lat' dir='ltr'>diligatis</span> <span class='ocrx_word' id='word_1_147' title='bbox 452 1673 592 1738; x_wconf 90' lang='lat' dir='ltr'>inuicem</span> <span class='ocrx_word' id='word_1_148' title='bbox 616 1699 677 1760; x_wconf 89' lang='lat' dir='ltr'>qua</span> <span class='ocrx_word' id='word_1_149' title='bbox 700 1673 871 1740; x_wconf 78' lang='lat' dir='ltr'>dilectione</span> <span class='ocrx_word' id='word_1_150' title='bbox 893 1674 992 1738; x_wconf 87' lang='lat' dir='ltr'>dilexi</span> <span class='ocrx_word' id='word_1_151' title='bbox 1019 1697 1075 1738; x_wconf 93' lang='lat' dir='ltr'>uos</span> <span class='ocrx_word' id='word_1_152' title='bbox 1104 1675 1198 1753; x_wconf 89' lang='lat' dir='ltr'>[sicut</span> <span class='ocrx_word' id='word_1_153' title='bbox 1220 1674 1317 1739; x_wconf 90' lang='lat' dir='ltr'>dilexi</span> <span class='ocrx_word' id='word_1_154' title='bbox 1342 1678 1422 1758; x_wconf 73' lang='lat' dir='ltr'>uosl.</span> <span class='ocrx_word' id='word_1_155' title='bbox 1436 1673 1464 1711; x_wconf 75' lang='lat'>¹³</span> 
     </span>
     <span class='ocr_line' id='line_1_15' title="bbox 231 1775 1463 1861; baseline 0.003 -23"><span class='ocrx_word' id='word_1_156' title='bbox 231 1775 351 1840; x_wconf 58' lang='lat' dir='ltr'>maior&amp;</span> <span class='ocrx_word' id='word_1_157' title='bbox 372 1776 432 1842; x_wconf 83' lang='lat' dir='ltr'>hae</span> <span class='ocrx_word' id='word_1_158' title='bbox 451 1775 651 1841; x_wconf 88' lang='lat' dir='ltr'>dilectionem</span> <span class='ocrx_word' id='word_1_159' title='bbox 669 1800 762 1841; x_wconf 90' lang='lat' dir='ltr'>nemo</span> <span class='ocrx_word' id='word_1_160' title='bbox 777 1778 873 1842; x_wconf 92' lang='lat' dir='ltr'>habet</span> <span class='ocrx_word' id='word_1_161' title='bbox 887 1782 923 1840; x_wconf 93' lang='lat' dir='ltr'>ut</span> <span class='ocrx_word' id='word_1_162' title='bbox 938 1777 1076 1841; x_wconf 87' lang='lat' dir='ltr'>animam</span> <span class='ocrx_word' id='word_1_163' title='bbox 1092 1801 1180 1842; x_wconf 85' lang='lat' dir='ltr'>suam</span> <span class='ocrx_word' id='word_1_164' title='bbox 1197 1799 1253 1861; x_wconf 92' lang='lat' dir='ltr'>pro</span> <span class='ocrx_word' id='word_1_165' title='bbox 1269 1776 1379 1842; x_wconf 86' lang='lat' dir='ltr'>amicis</span> <span class='ocrx_word' id='word_1_166' title='bbox 1394 1777 1463 1842; x_wconf 87' lang='lat' dir='ltr'>suis</span> 
     </span>
     <span class='ocr_line' id='line_1_16' title="bbox 231 1875 1462 1964; baseline 0 -23"><span class='ocrx_word' id='word_1_167' title='bbox 231 1883 336 1964; x_wconf 85' lang='lat' dir='ltr'>ponat.</span> <span class='ocrx_word' id='word_1_168' title='bbox 373 1875 401 1914; x_wconf 77' lang='lat'>¹⁴</span> <span class='ocrx_word' id='word_1_169' title='bbox 432 1879 499 1943; x_wconf 84' lang='lat' dir='ltr'>Uos</span> <span class='ocrx_word' id='word_1_170' title='bbox 523 1878 618 1944; x_wconf 89' lang='lat' dir='ltr'>amici</span> <span class='ocrx_word' id='word_1_171' title='bbox 634 1880 697 1944; x_wconf 91' lang='lat' dir='ltr'>mei</span> <span class='ocrx_word' id='word_1_172' title='bbox 714 1879 789 1944; x_wconf 85' lang='lat' dir='ltr'>estis</span> <span class='ocrx_word' id='word_1_173' title='bbox 805 1879 831 1944; x_wconf 89' lang='lat' dir='ltr'>si</span> <span class='ocrx_word' id='word_1_174' title='bbox 850 1878 990 1943; x_wconf 81' lang='lat' dir='ltr'>feceritis</span> <span class='ocrx_word' id='word_1_175' title='bbox 1006 1903 1088 1963; x_wconf 88' lang='lat' dir='ltr'>quae</span> <span class='ocrx_word' id='word_1_176' title='bbox 1111 1902 1168 1963; x_wconf 86' lang='lat' dir='ltr'>ego</span> <span class='ocrx_word' id='word_1_177' title='bbox 1188 1879 1347 1964; x_wconf 86' lang='lat' dir='ltr'>praecipio</span> <span class='ocrx_word' id='word_1_178' title='bbox 1361 1880 1462 1945; x_wconf 87' lang='lat' dir='ltr'>uobis.</span> 
     </span>
     <span class='ocr_line' id='line_1_17' title="bbox 233 1979 1463 2065; baseline 0.001 -22"><span class='ocrx_word' id='word_1_179' title='bbox 233 1979 333 2044; x_wconf 60' lang='lat' dir='ltr'>1liam</span> <span class='ocrx_word' id='word_1_180' title='bbox 357 2004 421 2045; x_wconf 88' lang='lat' dir='ltr'>non</span> <span class='ocrx_word' id='word_1_181' title='bbox 436 1981 505 2045; x_wconf 92' lang='lat' dir='ltr'>dico</span> <span class='ocrx_word' id='word_1_182' title='bbox 529 2004 585 2046; x_wconf 89' lang='lat' dir='ltr'>uos</span> <span class='ocrx_word' id='word_1_183' title='bbox 608 2003 716 2046; x_wconf 81' lang='lat' dir='ltr'>seruos</span> <span class='ocrx_word' id='word_1_184' title='bbox 740 1981 814 2064; x_wconf 91' lang='lat' dir='ltr'>quia</span> <span class='ocrx_word' id='word_1_185' title='bbox 838 2005 949 2046; x_wconf 88' lang='lat' dir='ltr'>seruus</span> <span class='ocrx_word' id='word_1_186' title='bbox 971 1981 1073 2047; x_wconf 90' lang='lat' dir='ltr'>nescit</span> <span class='ocrx_word' id='word_1_187' title='bbox 1095 1981 1170 2065; x_wconf 91' lang='lat' dir='ltr'>quid</span> <span class='ocrx_word' id='word_1_188' title='bbox 1186 1981 1282 2046; x_wconf 85' lang='lat' dir='ltr'>faciat</span> <span class='ocrx_word' id='word_1_189' title='bbox 1297 1982 1366 2046; x_wconf 83' lang='lat' dir='ltr'>dr‘r&#39;rs</span> <span class='ocrx_word' id='word_1_190' title='bbox 1385 1982 1463 2047; x_wconf 91' lang='lat' dir='ltr'>eius.</span> 
     </span>
     <span class='ocr_line' id='line_1_18' title="bbox 231 2082 1466 2170; baseline 0.004 -26"><span class='ocrx_word' id='word_1_191' title='bbox 231 2104 288 2145; x_wconf 89' lang='lat' dir='ltr'>uos</span> <span class='ocrx_word' id='word_1_192' title='bbox 306 2091 411 2147; x_wconf 87' lang='lat' dir='ltr'>autem</span> <span class='ocrx_word' id='word_1_193' title='bbox 429 2082 496 2148; x_wconf 81' lang='lat' dir='ltr'>dixi</span> <span class='ocrx_word' id='word_1_194' title='bbox 519 2083 636 2148; x_wconf 86' lang='lat' dir='ltr'>amicos</span> <span class='ocrx_word' id='word_1_195' title='bbox 661 2085 735 2168; x_wconf 88' lang='lat' dir='ltr'>quia</span> <span class='ocrx_word' id='word_1_196' title='bbox 751 2085 858 2148; x_wconf 90' lang='lat' dir='ltr'>omnia</span> <span class='ocrx_word' id='word_1_197' title='bbox 875 2107 1093 2170; x_wconf 88' lang='lat' dir='ltr'>quaecumque</span> <span class='ocrx_word' id='word_1_198' title='bbox 1112 2083 1221 2148; x_wconf 88' lang='lat' dir='ltr'>audiui</span> <span class='ocrx_word' id='word_1_199' title='bbox 1244 2107 1263 2147; x_wconf 92' lang='lat' dir='ltr'>a</span> <span class='ocrx_word' id='word_1_200' title='bbox 1281 2091 1371 2168; x_wconf 83' lang='lat' dir='ltr'>patre</span> <span class='ocrx_word' id='word_1_201' title='bbox 1393 2109 1466 2150; x_wconf 90' lang='lat' dir='ltr'>meo</span> 
     </span>
     <span class='ocr_line' id='line_1_19' title="bbox 233 2184 1465 2271; baseline 0.002 -24"><span class='ocrx_word' id='word_1_202' title='bbox 233 2194 309 2249; x_wconf 83' lang='lat' dir='ltr'>nota</span> <span class='ocrx_word' id='word_1_203' title='bbox 331 2184 392 2251; x_wconf 90' lang='lat' dir='ltr'>feci</span> <span class='ocrx_word' id='word_1_204' title='bbox 417 2185 514 2250; x_wconf 88' lang='lat' dir='ltr'>uobis.</span> <span class='ocrx_word' id='word_1_205' title='bbox 562 2184 588 2223; x_wconf 80' lang='lat'>¹⁶</span> <span class='ocrx_word' id='word_1_206' title='bbox 632 2186 705 2251; x_wconf 89' lang='lat' dir='ltr'>Non</span> <span class='ocrx_word' id='word_1_207' title='bbox 730 2210 786 2251; x_wconf 88' lang='lat' dir='ltr'>uos</span> <span class='ocrx_word' id='word_1_208' title='bbox 809 2210 860 2251; x_wconf 90' lang='lat' dir='ltr'>me</span> <span class='ocrx_word' id='word_1_209' title='bbox 883 2186 1023 2271; x_wconf 87' lang='lat' dir='ltr'>elegistis</span> <span class='ocrx_word' id='word_1_210' title='bbox 1051 2187 1105 2251; x_wconf 90' lang='lat' dir='ltr'>sed</span> <span class='ocrx_word' id='word_1_211' title='bbox 1135 2210 1192 2270; x_wconf 81' lang='lat' dir='ltr'>ego</span> <span class='ocrx_word' id='word_1_212' title='bbox 1227 2187 1309 2270; x_wconf 85' lang='lat' dir='ltr'>elegi</span> <span class='ocrx_word' id='word_1_213' title='bbox 1342 2210 1398 2250; x_wconf 89' lang='lat' dir='ltr'>uos</span> <span class='ocrx_word' id='word_1_214' title='bbox 1432 2198 1465 2250; x_wconf 88' lang='lat' dir='ltr'>et</span> 
     </span>
     <span class='ocr_line' id='line_1_20' title="bbox 231 2285 1464 2372; baseline 0.002 -22"><span class='ocrx_word' id='word_1_215' title='bbox 231 2285 323 2371; x_wconf 87' lang='lat' dir='ltr'>posui</span> <span class='ocrx_word' id='word_1_216' title='bbox 347 2311 403 2352; x_wconf 89' lang='lat' dir='ltr'>uos</span> <span class='ocrx_word' id='word_1_217' title='bbox 426 2296 462 2352; x_wconf 91' lang='lat' dir='ltr'>ut</span> <span class='ocrx_word' id='word_1_218' title='bbox 483 2287 559 2353; x_wconf 83' lang='lat' dir='ltr'>estis</span> <span class='ocrx_word' id='word_1_219' title='bbox 582 2296 614 2353; x_wconf 87' lang='lat' dir='ltr'>et</span> <span class='ocrx_word' id='word_1_220' title='bbox 640 2288 836 2354; x_wconf 79' lang='lat' dir='ltr'>fructificetis</span> <span class='ocrx_word' id='word_1_221' title='bbox 859 2296 892 2354; x_wconf 93' lang='lat' dir='ltr'>et</span> <span class='ocrx_word' id='word_1_222' title='bbox 914 2289 1035 2354; x_wconf 88' lang='lat' dir='ltr'>fructus</span> <span class='ocrx_word' id='word_1_223' title='bbox 1058 2294 1164 2353; x_wconf 84' lang='lat' dir='ltr'>uester</span> <span class='ocrx_word' id='word_1_224' title='bbox 1178 2297 1304 2352; x_wconf 79' lang='lat' dir='ltr'>maneat</span> <span class='ocrx_word' id='word_1_225' title='bbox 1318 2293 1354 2352; x_wconf 89' lang='lat' dir='ltr'>ut</span> <span class='ocrx_word' id='word_1_226' title='bbox 1370 2289 1464 2372; x_wconf 90' lang='lat' dir='ltr'>quod·-</span> 
     </span>
     <span class='ocr_line' id='line_1_21' title="bbox 231 2389 1464 2476; baseline 0.002 -23"><span class='ocrx_word' id='word_1_227' title='bbox 231 2412 367 2473; x_wconf 88' lang='lat' dir='ltr'>eumque</span> <span class='ocrx_word' id='word_1_228' title='bbox 400 2389 556 2475; x_wconf 84' lang='lat' dir='ltr'>petieritis</span> <span class='ocrx_word' id='word_1_229' title='bbox 590 2396 679 2476; x_wconf 71' lang='lat' dir='ltr'>patre</span> <span class='ocrx_word' id='word_1_230' title='bbox 717 2391 750 2455; x_wconf 92' lang='lat' dir='ltr'>in</span> <span class='ocrx_word' id='word_1_231' title='bbox 784 2393 913 2456; x_wconf 90' lang='lat' dir='ltr'>nomine</span> <span class='ocrx_word' id='word_1_232' title='bbox 946 2414 1016 2455; x_wconf 91' lang='lat' dir='ltr'>meo</span> <span class='ocrx_word' id='word_1_233' title='bbox 1049 2391 1103 2455; x_wconf 86' lang='lat' dir='ltr'>det</span> <span class='ocrx_word' id='word_1_234' title='bbox 1135 2392 1235 2455; x_wconf 87' lang='lat' dir='ltr'>uobis.</span> <span class='ocrx_word' id='word_1_235' title='bbox 1292 2389 1317 2428; x_wconf 81' lang='lat'>¹⁷</span> <span class='ocrx_word' id='word_1_236' title='bbox 1371 2391 1464 2456; x_wconf 88' lang='lat' dir='ltr'>Haec</span> 
     </span>
     <span class='ocr_line' id='line_1_22' title="bbox 232 2491 1464 2577; baseline 0.001 -22"><span class='ocrx_word' id='word_1_237' title='bbox 232 2491 347 2556; x_wconf 88' lang='lat' dir='ltr'>mando</span> <span class='ocrx_word' id='word_1_238' title='bbox 370 2492 460 2556; x_wconf 90' lang='lat' dir='ltr'>uobis</span> <span class='ocrx_word' id='word_1_239' title='bbox 490 2498 526 2557; x_wconf 91' lang='lat' dir='ltr'>ut</span> <span class='ocrx_word' id='word_1_240' title='bbox 556 2492 697 2577; x_wconf 84' lang='lat' dir='ltr'>diligatis</span> <span class='ocrx_word' id='word_1_241' title='bbox 729 2493 879 2558; x_wconf 91' lang='lat' dir='ltr'>inuicem.</span> <span class='ocrx_word' id='word_1_242' title='bbox 894 2491 959 2557; x_wconf 80' lang='lat' dir='ltr'>¹⁸si</span> <span class='ocrx_word' id='word_1_243' title='bbox 993 2494 1129 2557; x_wconf 91' lang='lat' dir='ltr'>mundus</span> <span class='ocrx_word' id='word_1_244' title='bbox 1162 2516 1219 2558; x_wconf 90' lang='lat' dir='ltr'>uos</span> <span class='ocrx_word' id='word_1_245' title='bbox 1252 2493 1319 2557; x_wconf 93' lang='lat' dir='ltr'>odit</span> <span class='ocrx_word' id='word_1_246' title='bbox 1351 2492 1464 2557; x_wconf 81' lang='lat' dir='ltr'>scitote</span> 
     </span>
     <span class='ocr_line' id='line_1_23' title="bbox 232 2592 1463 2680; baseline 0.001 -23"><span class='ocrx_word' id='word_1_247' title='bbox 232 2594 307 2679; x_wconf 87' lang='lat' dir='ltr'>quia</span> <span class='ocrx_word' id='word_1_248' title='bbox 330 2617 380 2658; x_wconf 89' lang='lat' dir='ltr'>mc</span> <span class='ocrx_word' id='word_1_249' title='bbox 402 2592 509 2680; x_wconf 66' lang='lat' dir='ltr'>priore</span> <span class='ocrx_word' id='word_1_250' title='bbox 535 2593 644 2680; x_wconf 84' lang='lat' dir='ltr'>[uobis]</span> <span class='ocrx_word' id='word_1_251' title='bbox 669 2596 741 2660; x_wconf 94' lang='lat' dir='ltr'>odio</span> <span class='ocrx_word' id='word_1_252' title='bbox 763 2595 884 2661; x_wconf 90' lang='lat' dir='ltr'>habuit.</span> <span class='ocrx_word' id='word_1_253' title='bbox 898 2594 926 2632; x_wconf 81' lang='lat'>¹⁹</span> <span class='ocrx_word' id='word_1_254' title='bbox 937 2595 964 2659; x_wconf 90' lang='lat' dir='ltr'>si</span> <span class='ocrx_word' id='word_1_255' title='bbox 992 2596 1030 2661; x_wconf 90' lang='lat' dir='ltr'>de</span> <span class='ocrx_word' id='word_1_256' title='bbox 1060 2595 1177 2659; x_wconf 91' lang='lat' dir='ltr'>mundo</span> <span class='ocrx_word' id='word_1_257' title='bbox 1207 2595 1348 2661; x_wconf 85' lang='lat' dir='ltr'>fuissetis</span> <span class='ocrx_word' id='word_1_258' title='bbox 1375 2618 1463 2658; x_wconf 93' lang='lat' dir='ltr'>mun·</span> 
     </span>
     <span class='ocr_line' id='line_1_24' title="bbox 230 2697 1464 2783; baseline 0.001 -23"><span class='ocrx_word' id='word_1_259' title='bbox 230 2697 288 2761; x_wconf 86' lang='lat' dir='ltr'>dus</span> <span class='ocrx_word' id='word_1_260' title='bbox 311 2697 393 2782; x_wconf 92' lang='lat' dir='ltr'>quod</span> <span class='ocrx_word' id='word_1_261' title='bbox 417 2721 509 2762; x_wconf 91' lang='lat' dir='ltr'>suum</span> <span class='ocrx_word' id='word_1_262' title='bbox 532 2706 599 2763; x_wconf 85' lang='lat' dir='ltr'>erat</span> <span class='ocrx_word' id='word_1_263' title='bbox 623 2698 768 2783; x_wconf 85' lang='lat' dir='ltr'>diligeret</span> <span class='ocrx_word' id='word_1_264' title='bbox 791 2699 865 2783; x_wconf 89' lang='lat' dir='ltr'>quia</span> <span class='ocrx_word' id='word_1_265' title='bbox 887 2707 992 2764; x_wconf 82' lang='lat' dir='ltr'>autem</span> <span class='ocrx_word' id='word_1_266' title='bbox 1017 2721 1080 2762; x_wconf 91' lang='lat' dir='ltr'>non</span> <span class='ocrx_word' id='word_1_267' title='bbox 1104 2698 1180 2764; x_wconf 89' lang='lat' dir='ltr'>estis</span> <span class='ocrx_word' id='word_1_268' title='bbox 1203 2699 1322 2763; x_wconf 91' lang='lat' dir='ltr'>dehoc</span> <span class='ocrx_word' id='word_1_269' title='bbox 1345 2698 1464 2761; x_wconf 92' lang='lat' dir='ltr'>mundo</span> 
     </span>
     <span class='ocr_line' id='line_1_25' title="bbox 229 2799 1479 2886; baseline 0.003 -23"><span class='ocrx_word' id='word_1_270' title='bbox 229 2799 284 2864; x_wconf 87' lang='lat' dir='ltr'>sed</span> <span class='ocrx_word' id='word_1_271' title='bbox 306 2822 363 2883; x_wconf 85' lang='lat' dir='ltr'>ego</span> <span class='ocrx_word' id='word_1_272' title='bbox 387 2801 466 2884; x_wconf 81' lang='lat' dir='ltr'>elegi</span> <span class='ocrx_word' id='word_1_273' title='bbox 489 2823 546 2865; x_wconf 89' lang='lat' dir='ltr'>uos</span> <span class='ocrx_word' id='word_1_274' title='bbox 569 2800 608 2864; x_wconf 93' lang='lat' dir='ltr'>de</span> <span class='ocrx_word' id='word_1_275' title='bbox 631 2801 747 2865; x_wconf 90' lang='lat' dir='ltr'>mundo</span> <span class='ocrx_word' id='word_1_276' title='bbox 769 2807 917 2886; x_wconf 89' lang='lat' dir='ltr'>proptera</span> <span class='ocrx_word' id='word_1_277' title='bbox 940 2801 1006 2865; x_wconf 88' lang='lat' dir='ltr'>odit</span> <span class='ocrx_word' id='word_1_278' title='bbox 1027 2824 1084 2866; x_wconf 90' lang='lat' dir='ltr'>uos</span> <span class='ocrx_word' id='word_1_279' title='bbox 1111 2801 1258 2866; x_wconf 83' lang='lat' dir='ltr'>mundus.</span> <span class='ocrx_word' id='word_1_280' title='bbox 1278 2799 1306 2837; x_wconf 74' lang='lat'>²⁰</span> <span class='ocrx_word' id='word_1_281' title='bbox 1322 2825 1479 2867; x_wconf 87' lang='lat' dir='ltr'>memen·.</span> 
     </span>
     <span class='ocr_line' id='line_1_26' title="bbox 229 2901 1465 2988; baseline 0 -23"><span class='ocrx_word' id='word_1_282' title='bbox 229 2909 294 2966; x_wconf 91' lang='lat' dir='ltr'>tote</span> <span class='ocrx_word' id='word_1_283' title='bbox 317 2925 475 2967; x_wconf 87' lang='lat' dir='ltr'>sermones</span> <span class='ocrx_word' id='word_1_284' title='bbox 500 2901 581 2988; x_wconf 79' lang='lat' dir='ltr'>[mei]</span> <span class='ocrx_word' id='word_1_285' title='bbox 607 2926 701 2988; x_wconf 87' lang='lat' dir='ltr'>quem</span> <span class='ocrx_word' id='word_1_286' title='bbox 726 2926 783 2988; x_wconf 84' lang='lat' dir='ltr'>ego</span> <span class='ocrx_word' id='word_1_287' title='bbox 812 2903 880 2967; x_wconf 88' lang='lat' dir='ltr'>dixi</span> <span class='ocrx_word' id='word_1_288' title='bbox 916 2902 1007 2968; x_wconf 90' lang='lat' dir='ltr'>uobis</span> <span class='ocrx_word' id='word_1_289' title='bbox 1041 2927 1104 2968; x_wconf 90' lang='lat' dir='ltr'>non</span> <span class='ocrx_word' id='word_1_290' title='bbox 1139 2908 1187 2968; x_wconf 84' lang='lat' dir='ltr'>est</span> <span class='ocrx_word' id='word_1_291' title='bbox 1221 2926 1332 2967; x_wconf 87' lang='lat' dir='ltr'>seruus</span> <span class='ocrx_word' id='word_1_292' title='bbox 1363 2902 1465 2966; x_wconf 87' lang='lat' dir='ltr'>maior</span> 
     </span>
     <span class='ocr_line' id='line_1_27' title="bbox 229 3004 1462 3091; baseline 0 -24"><span class='ocrx_word' id='word_1_293' title='bbox 229 3004 291 3067; x_wconf 82' lang='lat' dir='ltr'>dr&#39;ro</span> <span class='ocrx_word' id='word_1_294' title='bbox 315 3027 380 3070; x_wconf 81' lang='lat' dir='ltr'>suc.</span> <span class='ocrx_word' id='word_1_295' title='bbox 405 3005 430 3070; x_wconf 88' lang='lat' dir='ltr'>si</span> <span class='ocrx_word' id='word_1_296' title='bbox 454 3028 504 3070; x_wconf 87' lang='lat' dir='ltr'>me</span> <span class='ocrx_word' id='word_1_297' title='bbox 533 3005 691 3090; x_wconf 88' lang='lat' dir='ltr'>persecuti</span> <span class='ocrx_word' id='word_1_298' title='bbox 721 3015 795 3070; x_wconf 89' lang='lat' dir='ltr'>suut</span> <span class='ocrx_word' id='word_1_299' title='bbox 824 3012 856 3070; x_wconf 88' lang='lat' dir='ltr'>et</span> <span class='ocrx_word' id='word_1_300' title='bbox 888 3029 945 3070; x_wconf 91' lang='lat' dir='ltr'>uos</span> <span class='ocrx_word' id='word_1_301' title='bbox 972 3015 1201 3091; x_wconf 86' lang='lat' dir='ltr'>persequentur</span> <span class='ocrx_word' id='word_1_302' title='bbox 1228 3006 1253 3068; x_wconf 85' lang='lat' dir='ltr'>si</span> <span class='ocrx_word' id='word_1_303' title='bbox 1285 3028 1462 3069; x_wconf 85' lang='lat' dir='ltr'>sermonem</span> 
     </span>
     <span class='ocr_line' id='line_1_28' title="bbox 229 3105 1463 3173; baseline 0.001 -5"><span class='ocrx_word' id='word_1_304' title='bbox 229 3115 334 3171; x_wconf 88' lang='lat' dir='ltr'>meum</span> <span class='ocrx_word' id='word_1_305' title='bbox 358 3115 567 3173; x_wconf 88' lang='lat' dir='ltr'>seruauerunt</span> <span class='ocrx_word' id='word_1_306' title='bbox 590 3114 621 3172; x_wconf 92' lang='lat' dir='ltr'>et</span> <span class='ocrx_word' id='word_1_307' title='bbox 643 3117 784 3172; x_wconf 86' lang='lat' dir='ltr'>uestrum</span> <span class='ocrx_word' id='word_1_308' title='bbox 807 3109 989 3173; x_wconf 87' lang='lat' dir='ltr'>seruabunt.</span> <span class='ocrx_word' id='word_1_309' title='bbox 1036 3108 1062 3144; x_wconf 76' lang='lat'>²¹</span> <span class='ocrx_word' id='word_1_310' title='bbox 1107 3107 1171 3172; x_wconf 79' lang='lat' dir='ltr'>Sed</span> <span class='ocrx_word' id='word_1_311' title='bbox 1194 3109 1271 3171; x_wconf 71' lang='lat' dir='ltr'>hacc</span> <span class='ocrx_word' id='word_1_312' title='bbox 1295 3107 1400 3170; x_wconf 87' lang='lat' dir='ltr'>omnia</span> <span class='ocrx_word' id='word_1_313' title='bbox 1420 3105 1463 3169; x_wconf 86' lang='lat' dir='ltr'>fa—</span> 
     </span>
     <span class='ocr_line' id='line_1_29' title="bbox 228 3208 1463 3296; baseline -0.002 -24"><span class='ocrx_word' id='word_1_314' title='bbox 228 3208 314 3274; x_wconf 85' lang='lat' dir='ltr'>ciant</span> <span class='ocrx_word' id='word_1_315' title='bbox 337 3209 419 3274; x_wconf 89' lang='lat' dir='ltr'>circa</span> <span class='ocrx_word' id='word_1_316' title='bbox 441 3232 498 3274; x_wconf 89' lang='lat' dir='ltr'>uos</span> <span class='ocrx_word' id='word_1_317' title='bbox 523 3208 630 3294; x_wconf 77' lang='lat' dir='ltr'>[uobis]</span> <span class='ocrx_word' id='word_1_318' title='bbox 659 3218 787 3296; x_wconf 85' lang='lat' dir='ltr'>propter</span> <span class='ocrx_word' id='word_1_319' title='bbox 816 3234 932 3275; x_wconf 91' lang='lat' dir='ltr'>nomen</span> <span class='ocrx_word' id='word_1_320' title='bbox 959 3233 1066 3274; x_wconf 91' lang='lat' dir='ltr'>meum</span> <span class='ocrx_word' id='word_1_321' title='bbox 1101 3209 1175 3294; x_wconf 92' lang='lat' dir='ltr'>quia</span> <span class='ocrx_word' id='word_1_322' title='bbox 1208 3209 1354 3273; x_wconf 85' lang='lat' dir='ltr'>nesciunt</span> <span class='ocrx_word' id='word_1_323' title='bbox 1389 3233 1463 3272; x_wconf 78' lang='lat' dir='ltr'>enm</span> 
     </span>
     <span class='ocr_line' id='line_1_30' title="bbox 229 3310 1460 3397; baseline -0.002 -22"><span class='ocrx_word' id='word_1_324' title='bbox 229 3310 283 3395; x_wconf 90' lang='lat' dir='ltr'>qui</span> <span class='ocrx_word' id='word_1_325' title='bbox 307 3335 358 3375; x_wconf 90' lang='lat' dir='ltr'>me</span> <span class='ocrx_word' id='word_1_326' title='bbox 381 3311 477 3377; x_wconf 89' lang='lat' dir='ltr'>misit.</span> <span class='ocrx_word' id='word_1_327' title='bbox 493 3311 519 3348; x_wconf 71' lang='lat'>²²</span> <span class='ocrx_word' id='word_1_328' title='bbox 531 3313 557 3377; x_wconf 88' lang='lat' dir='ltr'>si</span> <span class='ocrx_word' id='word_1_329' title='bbox 582 3336 645 3377; x_wconf 90' lang='lat' dir='ltr'>non</span> <span class='ocrx_word' id='word_1_330' title='bbox 667 3313 825 3378; x_wconf 85' lang='lat' dir='ltr'>uenissem</span> <span class='ocrx_word' id='word_1_331' title='bbox 849 3322 881 3378; x_wconf 88' lang='lat' dir='ltr'>et</span> <span class='ocrx_word' id='word_1_332' title='bbox 902 3317 1026 3378; x_wconf 89' lang='lat' dir='ltr'>locutus</span> <span class='ocrx_word' id='word_1_333' title='bbox 1042 3313 1088 3376; x_wconf 87' lang='lat' dir='ltr'>eis</span> <span class='ocrx_word' id='word_1_334' title='bbox 1103 3312 1233 3377; x_wconf 87' lang='lat' dir='ltr'>fuissem</span> <span class='ocrx_word' id='word_1_335' title='bbox 1249 3312 1381 3397; x_wconf 78' lang='lat' dir='ltr'>peccatu</span> <span class='ocrx_word' id='word_1_336' title='bbox 1397 3335 1460 3375; x_wconf 84' lang='lat' dir='ltr'>nou</span> 
     </span>
     <span class='ocr_line' id='line_1_31' title="bbox 228 3412 1462 3500; baseline 0.002 -24"><span class='ocrx_word' id='word_1_337' title='bbox 228 3414 382 3478; x_wconf 88' lang='lat' dir='ltr'>habereut</span> <span class='ocrx_word' id='word_1_338' title='bbox 404 3437 489 3479; x_wconf 90' lang='lat' dir='ltr'>nunc</span> <span class='ocrx_word' id='word_1_339' title='bbox 510 3421 615 3479; x_wconf 88' lang='lat' dir='ltr'>autem</span> <span class='ocrx_word' id='word_1_340' title='bbox 641 3414 847 3480; x_wconf 70' lang='lat' dir='ltr'>excusatione</span> <span class='ocrx_word' id='word_1_341' title='bbox 871 3439 934 3480; x_wconf 91' lang='lat' dir='ltr'>nou</span> <span class='ocrx_word' id='word_1_342' title='bbox 956 3417 1075 3480; x_wconf 90' lang='lat' dir='ltr'>habeut</span> <span class='ocrx_word' id='word_1_343' title='bbox 1098 3415 1136 3480; x_wconf 94' lang='lat' dir='ltr'>de</span> <span class='ocrx_word' id='word_1_344' title='bbox 1157 3424 1285 3500; x_wconf 88' lang='lat' dir='ltr'>peccato</span> <span class='ocrx_word' id='word_1_345' title='bbox 1310 3412 1395 3497; x_wconf 68' lang='lat' dir='ltr'>[suoi.</span> <span class='ocrx_word' id='word_1_346' title='bbox 1434 3412 1462 3448; x_wconf 64' lang='lat'>²³</span> 
     </span>
     <span class='ocr_line' id='line_1_32' title="bbox 229 3514 1463 3603; baseline 0 -23"><span class='ocrx_word' id='word_1_347' title='bbox 229 3515 293 3600; x_wconf 76' lang='lat' dir='ltr'>Qui</span> <span class='ocrx_word' id='word_1_348' title='bbox 317 3539 367 3580; x_wconf 92' lang='lat' dir='ltr'>me</span> <span class='ocrx_word' id='word_1_349' title='bbox 390 3517 457 3580; x_wconf 91' lang='lat' dir='ltr'>odit</span> <span class='ocrx_word' id='word_1_350' title='bbox 481 3523 513 3582; x_wconf 88' lang='lat' dir='ltr'>et</span> <span class='ocrx_word' id='word_1_351' title='bbox 534 3524 654 3603; x_wconf 90' lang='lat' dir='ltr'>patrem</span> <span class='ocrx_word' id='word_1_352' title='bbox 686 3541 791 3581; x_wconf 86' lang='lat' dir='ltr'>meum</span> <span class='ocrx_word' id='word_1_353' title='bbox 822 3518 896 3582; x_wconf 91' lang='lat' dir='ltr'>odit.</span> <span class='ocrx_word' id='word_1_354' title='bbox 913 3517 940 3554; x_wconf 73' lang='lat'>²4</span> <span class='ocrx_word' id='word_1_355' title='bbox 951 3518 977 3582; x_wconf 88' lang='lat' dir='ltr'>si</span> <span class='ocrx_word' id='word_1_356' title='bbox 1014 3540 1108 3602; x_wconf 87' lang='lat' dir='ltr'>opera</span> <span class='ocrx_word' id='word_1_357' title='bbox 1140 3541 1204 3582; x_wconf 90' lang='lat' dir='ltr'>nou</span> <span class='ocrx_word' id='word_1_358' title='bbox 1238 3517 1298 3580; x_wconf 86' lang='lat' dir='ltr'>feci</span> <span class='ocrx_word' id='word_1_359' title='bbox 1330 3516 1363 3579; x_wconf 90' lang='lat' dir='ltr'>in</span> <span class='ocrx_word' id='word_1_360' title='bbox 1397 3514 1463 3580; x_wconf 85' lang='lat' dir='ltr'>illis</span> 
     </span>
     <span class='ocr_line' id='line_1_33' title="bbox 228 3617 1461 3705; baseline -0.001 -23"><span class='ocrx_word' id='word_1_361' title='bbox 228 3641 300 3703; x_wconf 88' lang='lat' dir='ltr'>quae</span> <span class='ocrx_word' id='word_1_362' title='bbox 322 3642 415 3683; x_wconf 90' lang='lat' dir='ltr'>nemo</span> <span class='ocrx_word' id='word_1_363' title='bbox 438 3617 518 3684; x_wconf 86' lang='lat' dir='ltr'>alius</span> <span class='ocrx_word' id='word_1_364' title='bbox 540 3618 616 3684; x_wconf 89' lang='lat' dir='ltr'>fecit</span> <span class='ocrx_word' id='word_1_365' title='bbox 639 3627 799 3705; x_wconf 90' lang='lat' dir='ltr'>peccatum</span> <span class='ocrx_word' id='word_1_366' title='bbox 825 3643 887 3683; x_wconf 90' lang='lat' dir='ltr'>nou</span> <span class='ocrx_word' id='word_1_367' title='bbox 911 3621 1037 3684; x_wconf 92' lang='lat' dir='ltr'>habent.</span> <span class='ocrx_word' id='word_1_368' title='bbox 1066 3625 1154 3683; x_wconf 87' lang='lat' dir='ltr'>nunc</span> <span class='ocrx_word' id='word_1_369' title='bbox 1174 3627 1279 3682; x_wconf 88' lang='lat' dir='ltr'>autem</span> <span class='ocrx_word' id='word_1_370' title='bbox 1310 3627 1342 3682; x_wconf 91' lang='lat' dir='ltr'>et</span> <span class='ocrx_word' id='word_1_371' title='bbox 1371 3617 1461 3681; x_wconf 90' lang='lat' dir='ltr'>uide--</span> 
     </span>
     <span class='ocr_line' id='line_1_34' title="bbox 228 3720 1459 3807; baseline -0.002 -23"><span class='ocrx_word' id='word_1_372' title='bbox 228 3729 302 3784; x_wconf 90' lang='lat' dir='ltr'>runt</span> <span class='ocrx_word' id='word_1_373' title='bbox 324 3728 356 3785; x_wconf 90' lang='lat' dir='ltr'>et</span> <span class='ocrx_word' id='word_1_374' title='bbox 378 3721 512 3786; x_wconf 89' lang='lat' dir='ltr'>oderunt</span> <span class='ocrx_word' id='word_1_375' title='bbox 534 3745 584 3786; x_wconf 90' lang='lat' dir='ltr'>me</span> <span class='ocrx_word' id='word_1_376' title='bbox 607 3729 640 3786; x_wconf 90' lang='lat' dir='ltr'>et</span> <span class='ocrx_word' id='word_1_377' title='bbox 660 3728 782 3807; x_wconf 88' lang='lat' dir='ltr'>patrem</span> <span class='ocrx_word' id='word_1_378' title='bbox 807 3745 923 3786; x_wconf 86' lang='lat' dir='ltr'>meum.</span> <span class='ocrx_word' id='word_1_379' title='bbox 937 3720 965 3760; x_wconf 77' lang='lat'>²⁶</span> <span class='ocrx_word' id='word_1_380' title='bbox 978 3723 1032 3786; x_wconf 91' lang='lat' dir='ltr'>sed</span> <span class='ocrx_word' id='word_1_381' title='bbox 1063 3728 1099 3785; x_wconf 89' lang='lat' dir='ltr'>ut</span> <span class='ocrx_word' id='word_1_382' title='bbox 1129 3721 1328 3805; x_wconf 87' lang='lat' dir='ltr'>adinpleatur</span> <span class='ocrx_word' id='word_1_383' title='bbox 1358 3741 1459 3784; x_wconf 90' lang='lat' dir='ltr'>sermo</span> 
     </span>
     <span class='ocr_line' id='line_1_35' title="bbox 226 3820 1463 3910; baseline -0.001 -24"><span class='ocrx_word' id='word_1_384' title='bbox 226 3823 281 3907; x_wconf 91' lang='lat' dir='ltr'>qui</span> <span class='ocrx_word' id='word_1_385' title='bbox 305 3822 337 3888; x_wconf 92' lang='lat' dir='ltr'>in</span> <span class='ocrx_word' id='word_1_386' title='bbox 360 3828 429 3908; x_wconf 86' lang='lat' dir='ltr'>lege</span> <span class='ocrx_word' id='word_1_387' title='bbox 452 3847 560 3889; x_wconf 92' lang='lat' dir='ltr'>eorum</span> <span class='ocrx_word' id='word_1_388' title='bbox 584 3823 735 3910; x_wconf 89' lang='lat' dir='ltr'>scriptum</span> <span class='ocrx_word' id='word_1_389' title='bbox 759 3833 807 3889; x_wconf 87' lang='lat' dir='ltr'>est</span> <span class='ocrx_word' id='word_1_390' title='bbox 829 3823 904 3908; x_wconf 92' lang='lat' dir='ltr'>quia</span> <span class='ocrx_word' id='word_1_391' title='bbox 926 3824 998 3888; x_wconf 94' lang='lat' dir='ltr'>odio</span> <span class='ocrx_word' id='word_1_392' title='bbox 1020 3825 1201 3887; x_wconf 89' lang='lat' dir='ltr'>habuerunt</span> <span class='ocrx_word' id='word_1_393' title='bbox 1222 3845 1273 3887; x_wconf 89' lang='lat' dir='ltr'>me</span> <span class='ocrx_word' id='word_1_394' title='bbox 1294 3822 1400 3907; x_wconf 78' lang='lat' dir='ltr'>gratia.</span> <span class='ocrx_word' id='word_1_395' title='bbox 1433 3820 1463 3859; x_wconf 69' lang='lat'>²⁶</span> 
     </span>
     <span class='ocr_line' id='line_1_36' title="bbox 229 3924 1459 4012; baseline -0.001 -24"><span class='ocrx_word' id='word_1_396' title='bbox 229 3925 311 3989; x_wconf 84' lang='lat' dir='ltr'>Oum</span> <span class='ocrx_word' id='word_1_397' title='bbox 335 3949 409 4010; x_wconf 84' lang='lat' dir='ltr'>ergo</span> <span class='ocrx_word' id='word_1_398' title='bbox 432 3926 558 3991; x_wconf 84' lang='lat' dir='ltr'>uenerit</span> <span class='ocrx_word' id='word_1_399' title='bbox 579 3926 749 4012; x_wconf 80' lang='lat' dir='ltr'>paraclitus</span> <span class='ocrx_word' id='word_1_400' title='bbox 771 3951 863 4011; x_wconf 90' lang='lat' dir='ltr'>quern</span> <span class='ocrx_word' id='word_1_401' title='bbox 890 3950 946 4011; x_wconf 87' lang='lat' dir='ltr'>ego</span> <span class='ocrx_word' id='word_1_402' title='bbox 976 3926 1069 3990; x_wconf 89' lang='lat' dir='ltr'>mitto</span> <span class='ocrx_word' id='word_1_403' title='bbox 1098 3924 1187 3990; x_wconf 88' lang='lat' dir='ltr'>uobis</span> <span class='ocrx_word' id='word_1_404' title='bbox 1217 3948 1235 3988; x_wconf 92' lang='lat' dir='ltr'>a</span> <span class='ocrx_word' id='word_1_405' title='bbox 1264 3935 1355 4010; x_wconf 90' lang='lat' dir='ltr'>patre</span> <span class='ocrx_word' id='word_1_406' title='bbox 1388 3947 1459 3988; x_wconf 90' lang='lat' dir='ltr'>meo</span> 
     </span>
     <span class='ocr_line' id='line_1_37' title="bbox 227 4027 1460 4115; baseline 0.001 -26"><span class='ocrx_word' id='word_1_407' title='bbox 227 4037 295 4112; x_wconf 75' lang='lat' dir='ltr'>epm</span> <span class='ocrx_word' id='word_1_408' title='bbox 318 4028 463 4094; x_wconf 87' lang='lat' dir='ltr'>ueritatis</span> <span class='ocrx_word' id='word_1_409' title='bbox 488 4029 542 4113; x_wconf 92' lang='lat' dir='ltr'>qui</span> <span class='ocrx_word' id='word_1_410' title='bbox 566 4053 584 4093; x_wconf 87' lang='lat' dir='ltr'>a</span> <span class='ocrx_word' id='word_1_411' title='bbox 605 4038 695 4115; x_wconf 88' lang='lat' dir='ltr'>patre</span> <span class='ocrx_word' id='word_1_412' title='bbox 716 4029 858 4114; x_wconf 84' lang='lat' dir='ltr'>procedit</span> <span class='ocrx_word' id='word_1_413' title='bbox 888 4029 941 4092; x_wconf 91' lang='lat' dir='ltr'>ille</span> <span class='ocrx_word' id='word_1_414' title='bbox 971 4027 1188 4093; x_wconf 80' lang='lat' dir='ltr'>testimonium</span> <span class='ocrx_word' id='word_1_415' title='bbox 1214 4027 1392 4113; x_wconf 88' lang='lat' dir='ltr'>perhibebit</span> <span class='ocrx_word' id='word_1_416' title='bbox 1420 4027 1460 4090; x_wconf 91' lang='lat' dir='ltr'>de</span> 
     </span>
     <span class='ocr_line' id='line_1_38' title="bbox 226 4127 1457 4217; baseline -0.002 -25"><span class='ocrx_word' id='word_1_417' title='bbox 226 4152 276 4192; x_wconf 91' lang='lat' dir='ltr'>me</span> <span class='ocrx_word' id='word_1_418' title='bbox 287 4127 314 4166; x_wconf 76' lang='lat'>²⁷</span> <span class='ocrx_word' id='word_1_419' title='bbox 326 4139 357 4194; x_wconf 91' lang='lat' dir='ltr'>et</span> <span class='ocrx_word' id='word_1_420' title='bbox 379 4152 437 4194; x_wconf 82' lang='lat' dir='ltr'>uos</span> <span class='ocrx_word' id='word_1_421' title='bbox 460 4131 677 4196; x_wconf 88' lang='lat' dir='ltr'>testimonium</span> <span class='ocrx_word' id='word_1_422' title='bbox 700 4131 906 4217; x_wconf 85' lang='lat' dir='ltr'>perhibebitis</span> <span class='ocrx_word' id='word_1_423' title='bbox 929 4132 967 4195; x_wconf 91' lang='lat' dir='ltr'>de</span> <span class='ocrx_word' id='word_1_424' title='bbox 991 4154 1040 4194; x_wconf 88' lang='lat' dir='ltr'>me</span> <span class='ocrx_word' id='word_1_425' title='bbox 1068 4129 1142 4214; x_wconf 91' lang='lat' dir='ltr'>quia.</span> <span class='ocrx_word' id='word_1_426' title='bbox 1164 4130 1203 4193; x_wconf 91' lang='lat' dir='ltr'>ab</span> <span class='ocrx_word' id='word_1_427' title='bbox 1226 4128 1318 4193; x_wconf 87' lang='lat' dir='ltr'>initio</span> <span class='ocrx_word' id='word_1_428' title='bbox 1333 4151 1457 4194; x_wconf 87' lang='lat' dir='ltr'>mecum</span> 
     </span>
     <span class='ocr_line' id='line_1_39' title="bbox 226 4231 310 4296; baseline -0.024 -1"><span class='ocrx_word' id='word_1_429' title='bbox 226 4231 310 4296; x_wconf 82' lang='lat' dir='ltr'>estis.</span> 
     </span>
    </p>

    <p class='ocr_par' dir='ltr' id='par_1_3' title="bbox 224 4332 1458 4727">
     <span class='ocr_line' id='line_1_40' title="bbox 311 4332 1458 4420; baseline -0.003 -22"><span class='ocrx_word' id='word_1_430' title='bbox 311 4336 430 4400; x_wconf 87' lang='lat' dir='ltr'>XXX.</span> <span class='ocrx_word' id='word_1_431' title='bbox 456 4337 491 4420; x_wconf 84' lang='lat' dir='ltr'>(c.</span> <span class='ocrx_word' id='word_1_432' title='bbox 518 4336 569 4419; x_wconf 80' lang='lat'>16)</span> <span class='ocrx_word' id='word_1_433' title='bbox 617 4343 623 4371; x_wconf 94' lang='lat'>¹</span> <span class='ocrx_word' id='word_1_434' title='bbox 672 4336 908 4401; x_wconf 88' lang='lat' dir='ltr'>Haeclocutus</span> <span class='ocrx_word' id='word_1_435' title='bbox 932 4359 1001 4400; x_wconf 89' lang='lat' dir='ltr'>sum</span> <span class='ocrx_word' id='word_1_436' title='bbox 1030 4335 1120 4399; x_wconf 89' lang='lat' dir='ltr'>uobis</span> <span class='ocrx_word' id='word_1_437' title='bbox 1150 4345 1186 4398; x_wconf 87' lang='lat' dir='ltr'>ut</span> <span class='ocrx_word' id='word_1_438' title='bbox 1217 4357 1279 4398; x_wconf 91' lang='lat' dir='ltr'>non</span> <span class='ocrx_word' id='word_1_439' title='bbox 1310 4332 1458 4397; x_wconf 89' lang='lat' dir='ltr'>scandali-</span> 
     </span>
     <span class='ocr_line' id='line_1_41' title="bbox 225 4434 1457 4523; baseline -0.002 -24"><span class='ocrx_word' id='word_1_440' title='bbox 225 4435 481 4503; x_wconf 68' lang='lat' dir='ltr'>zemini.2extra</span> <span class='ocrx_word' id='word_1_441' title='bbox 504 4462 694 4523; x_wconf 83' lang='lat' dir='ltr'>synagogam</span> <span class='ocrx_word' id='word_1_442' title='bbox 719 4439 862 4503; x_wconf 83' lang='lat' dir='ltr'>fecerunt</span> <span class='ocrx_word' id='word_1_443' title='bbox 885 4462 942 4503; x_wconf 90' lang='lat' dir='ltr'>uos</span> <span class='ocrx_word' id='word_1_444' title='bbox 976 4438 1029 4502; x_wconf 88' lang='lat' dir='ltr'>sed</span> <span class='ocrx_word' id='word_1_445' title='bbox 1065 4436 1154 4501; x_wconf 84' lang='lat' dir='ltr'>uenit</span> <span class='ocrx_word' id='word_1_446' title='bbox 1184 4437 1260 4500; x_wconf 89' lang='lat' dir='ltr'>hora</span> <span class='ocrx_word' id='word_1_447' title='bbox 1289 4444 1325 4499; x_wconf 96' lang='lat' dir='ltr'>ut</span> <span class='ocrx_word' id='word_1_448' title='bbox 1354 4434 1457 4499; x_wconf 86' lang='lat' dir='ltr'>omnis</span> 
     </span>
     <span class='ocr_line' id='line_1_42' title="bbox 224 4535 1455 4626; baseline -0.002 -26"><span class='ocrx_word' id='word_1_449' title='bbox 224 4537 279 4621; x_wconf 93' lang='lat' dir='ltr'>qui</span> <span class='ocrx_word' id='word_1_450' title='bbox 302 4537 496 4604; x_wconf 86' lang='lat' dir='ltr'>interfecerit</span> <span class='ocrx_word' id='word_1_451' title='bbox 518 4563 574 4604; x_wconf 87' lang='lat' dir='ltr'>uos</span> <span class='ocrx_word' id='word_1_452' title='bbox 596 4541 766 4606; x_wconf 86' lang='lat' dir='ltr'>arbitretur</span> <span class='ocrx_word' id='word_1_453' title='bbox 788 4564 821 4604; x_wconf 87' lang='lat' dir='ltr'>se</span> <span class='ocrx_word' id='word_1_454' title='bbox 845 4541 1029 4626; x_wconf 88' lang='lat' dir='ltr'>obsequium</span> <span class='ocrx_word' id='word_1_455' title='bbox 1055 4539 1094 4602; x_wconf 79' lang='lat' dir='ltr'>do</span> <span class='ocrx_word' id='word_1_456' title='bbox 1121 4546 1289 4624; x_wconf 88' lang='lat' dir='ltr'>praestare.</span> <span class='ocrx_word' id='word_1_457' title='bbox 1335 4535 1347 4572; x_wconf 79' lang='lat'><strong>³</strong></span> <span class='ocrx_word' id='word_1_458' title='bbox 1392 4536 1455 4601; x_wconf 81' lang='lat' dir='ltr'>Sed</span> 
     </span>
     <span class='ocr_line' id='line_1_43' title="bbox 224 4639 1456 4727; baseline -0.001 -24"><span class='ocrx_word' id='word_1_459' title='bbox 224 4640 303 4704; x_wconf 87' lang='lat' dir='ltr'>haec</span> <span class='ocrx_word' id='word_1_460' title='bbox 332 4639 449 4707; x_wconf 89' lang='lat' dir='ltr'>facient</span> <span class='ocrx_word' id='word_1_461' title='bbox 476 4641 565 4707; x_wconf 93' lang='lat' dir='ltr'>uobis</span> <span class='ocrx_word' id='word_1_462' title='bbox 595 4642 669 4727; x_wconf 90' lang='lat' dir='ltr'>quia</span> <span class='ocrx_word' id='word_1_463' title='bbox 703 4666 767 4707; x_wconf 91' lang='lat' dir='ltr'>uon</span> <span class='ocrx_word' id='word_1_464' title='bbox 800 4652 959 4706; x_wconf 86' lang='lat' dir='ltr'>nonerunt</span> <span class='ocrx_word' id='word_1_465' title='bbox 989 4650 1111 4727; x_wconf 85' lang='lat' dir='ltr'>patrem</span> <span class='ocrx_word' id='word_1_466' title='bbox 1143 4664 1245 4726; x_wconf 85' lang='lat' dir='ltr'>neque</span> <span class='ocrx_word' id='word_1_467' title='bbox 1278 4664 1336 4704; x_wconf 82' lang='lat' dir='ltr'>me.</span> <span class='ocrx_word' id='word_1_468' title='bbox 1352 4639 1456 4703; x_wconf 73' lang='lat' dir='ltr'>4haec</span> 
     </span>
    </p>
   </div>
   <div class='ocr_carea' id='block_1_3' title="bbox 0 0 1738 5192">
    <p class='ocr_par' dir='ltr' id='par_1_4' title="bbox 0 0 1738 5192">
     <span class='ocr_line' id='line_1_44' title="bbox 0 0 1738 5192; baseline 0 3"><span class='ocrx_word' id='word_1_469' title='bbox 0 0 1738 5192; x_wconf 95' lang='lat' dir='ltr'> </span> 
     </span>
    </p>
   </div>
  </div>
 </body>
</html>
