3467 5192
653 291 787 343 lucanum
801 291 837 356 (c.
858 292 911 355 10).
1365 291 1406 352 79

175 470 266 527 tunm
289 461 323 526 in
345 468 412 527 tcto
435 461 604 526 cordetuo
627 459 715 525 etin
737 465 803 525 tota
826 459 933 524 anima
954 466 1010 524 tua
1035 465 1067 524 et
1094 458 1128 523 in
1156 459 1302 523 omnibus
1328 458 1404 522 uiri·

174 570 235 629 bus
256 563 320 629 tuis
343 570 375 628 et
397 563 576 649 proximum
599 569 689 627 tuum
713 562 795 627 sicut
815 562 962 647 teipsum.
1010 559 1037 598 2⁸
1080 560 1238 645 Dixitque
1272 561 1320 625 illi
1353 563 1408 626 ihs

176 673 260 732 recte
283 665 473 752 respondisti
494 666 555 730 hoc
577 664 627 730 fac
649 672 682 729 et
703 663 805 728 uiues.
827 663 919 727 ²⁹ille
953 671 1059 729 autem
1092 665 1203 728 uolens
1236 663 1406 730 iustificare

175 767 316 854 seipsum
339 767 421 832 dixit
443 768 482 832 ad
504 767 571 831 ihr'r‘r
594 767 720 850 etquis
743 772 791 831 est
812 787 902 830 meus
928 765 1100 852 proximus.
1146 763 1174 802 ⁸⁰
1222 765 1405 852 Suscipiens

178 876 285 934 autem
308 871 360 934 ihs
383 869 473 934 dixit.
497 871 591 934 homo
614 868 742 955 quidam
766 868 974 932 descendebat
996 869 1034 932 ab
1060 868 1251 933 hierusalem
1273 869 1307 932 in
1338 869 1405 931 hie·

176 972 264 1056 richo
288 979 320 1036 et
341 971 454 1036 incidit
475 973 510 1035 in
531 973 668 1036 latrones
691 971 746 1055 qui
768 975 800 1035 et
823 973 887 1034 iam
910 969 1161 1056 dispoliauerunt
1183 969 1274 1033 illum
1298 977 1329 1035 et
1343 972 1407 1055 pla-

176 1073 226 1158 gis
247 1073 404 1160 impositis
425 1073 594 1139 habierunt
616 1072 772 1138 semiuiuo
794 1073 915 1138 relicto.
962 1072 988 1109 ³¹
1033 1071 1185 1138 Sacerdos
1215 1080 1318 1137 autem
1348 1072 1408 1136 for-

176 1175 258 1241 tuito
281 1176 490 1241 descendebat
512 1176 621 1240 eadem
644 1175 731 1240 uiam
753 1180 785 1239 et
806 1175 876 1239 uiso
899 1175 954 1239 illo
980 1174 1151 1260 praeteriit.
1165 1173 1192 1212 ³²
1204 1174 1352 1240 similiter
1375 1184 1406 1239 et

179 1277 302 1344 leuuita
325 1302 395 1344 cum
419 1284 502 1343 esset
524 1301 614 1343 secus
635 1279 739 1343 locum
763 1285 796 1342 et
817 1277 942 1343 uideret
964 1301 1036 1341 eum
1063 1277 1256 1362 pertransiit.
1291 1275 1318 1314 ³³
1351 1277 1410 1343 Sa·

178 1377 352 1444 maritanus
374 1387 480 1446 autem
505 1380 633 1465 quidam
656 1379 857 1446 iterfaciens
880 1379 971 1445 uenit
1001 1402 1090 1444 secus
1123 1403 1196 1443 eum
1229 1386 1262 1444 et
1294 1379 1407 1444 uidens

178 1506 250 1547 eurn
274 1481 489 1547 misericordia
511 1491 616 1547 motus
639 1490 695 1548 est.
709 1481 780 1546 3*et
802 1481 956 1567 adligauit
977 1487 1108 1545 uulnera
1135 1482 1203 1546 eins
1236 1481 1407 1546 infundens

153 1584 284 1658 ‚oleum
307 1592 340 1649 et
361 1583 472 1648 uinum
496 1591 528 1649 et
549 1584 704 1672 inponens
727 1585 817 1648 illum
844 1585 880 1648 in
907 1584 1085 1648 iumentum
1115 1606 1208 1648 suum
1244 1583 1336 1648 duxit
1368 1584 1409 1647 ad

178 1687 337 1750 stabulum
360 1693 392 1750 et
413 1709 520 1751 curam
543 1688 611 1752 eius
628 1687 700 1771 egit.
716 1685 742 1726 ³⁶
754 1694 785 1752 et
801 1688 899 1752 altera
915 1686 966 1750 die
981 1687 1113 1772 protulit
1125 1686 1203 1750 dnos
1223 1685 1361 1750 dinarios
1371 1689 1406 1765 (l)

179 1793 211 1853 et
233 1787 320 1852 dedit
342 1789 512 1853 stabulario
535 1799 566 1854 et
589 1789 634 1854 ait
657 1813 764 1854 curam
787 1789 873 1853 illius
895 1790 976 1853 habe
1000 1795 1031 1853 et
1064 1787 1217 1873 quidquid
1250 1811 1412 1874 superero

178 1889 302 1974 gaueris
326 1913 382 1974 ego
406 1915 477 1954 cum
500 1892 668 1957 reueniens
690 1892 819 1956 reddam
842 1891 909 1956 tibi.
956 1889 983 1928 ³⁸
1027 1890 1109 1974 Quis
1123 1891 1237 1954 horum
1253 1890 1349 1956 trium
1365 1890 1411 1954 ui-

179 1991 271 2056 detur
292 1991 352 2056 tibi
373 1992 536 2078 proximus
560 1993 660 2058 fuisse
682 1993 730 2057 illi
753 1994 807 2077 qui
830 1993 943 2058 incidit
965 1993 999 2056 in
1021 1993 1166 2057 latrones.
1214 1992 1241 2030 ³⁷
1286 1993 1339 2056 Ad
1355 1993 1412 2057 ille

179 2194 227 2261 fao
250 2195 406 2260 similiter.
851 2255 855 2260 ,

264 2298 440 2362 XXXIII.
488 2297 516 2336 ³⁸
559 2304 690 2366 Factum
713 2305 762 2365 est
783 2309 888 2365 autem
913 2300 988 2364 dum
1011 2299 1094 2364 irent
1116 2306 1148 2363 et
1178 2299 1246 2384 ipse
1277 2299 1411 2364 intrauit

180 2400 213 2465 in
237 2401 393 2484 quoddam
417 2402 579 2466 castellum
603 2408 635 2467 ct
660 2402 775 2466 mulier
803 2402 938 2486 quedam
967 2401 1095 2466 nomine
1129 2402 1252 2465 martha
1285 2403 1411 2487 excepit

180 2503 270 2566 illum
293 2502 328 2566 in
350 2503 478 2567 domum
507 2527 595 2570 suam
609 2502 637 2541 ³⁹
647 2511 678 2569 et
710 2505 786 2568 huic
819 2509 887 2569 erat
918 2526 1003 2569 soror
1036 2502 1164 2567 nomine
1197 2502 1297 2567 maria
1329 2527 1412 2588 quae

180 2604 276 2669 etiam
299 2606 411 2669 sedens
434 2629 524 2672 secus
547 2607 642 2690 pedes
664 2606 720 2670 dr'ri
743 2607 892 2671 audiebat
914 2608 1045 2670 uerbum
1074 2605 1169 2669 illius.
1213 2603 1242 2641 ⁴⁰
1284 2607 1411 2670 Martha

180 2713 286 2771 autem
309 2709 471 2791 satagebat
493 2707 574 2773 circa
596 2708 806 2774 ministerium
830 2732 911 2793 quae
935 2708 1024 2773 stetit
1046 2715 1077 2773 et
1100 2707 1154 2772 ait.
1187 2709 1258 2773 dnte
1277 2732 1341 2772 non
1363 2714 1415 2772 cst

180 2808 238 2872 tibi
262 2832 355 2874 curae
378 2810 461 2893 quod
484 2833 571 2875 soror
592 2834 663 2875 mea
685 2811 821 2895 reliquid
844 2833 895 2874 me
918 2811 1015 2875 solam
1039 2810 1218 2874 ministrare
1253 2810 1303 2875 dic
1336 2834 1409 2894 ergo

181 2909 229 2974 illi
251 2917 288 2975 nt
311 2934 362 2974 me
384 2911 522 2978 adiuuet.
557 2911 584 2949 ⁴¹
622 2914 667 2977 nt
686 2913 877 2998 respondens
893 2912 975 2976 dixit
990 2912 1038 2976 illi
1053 2913 1130 2976 dms.
1148 2913 1273 2977 martha
1289 2913 1412 2977 martha

180 3013 320 3077 “maria
342 3013 463 3098 optima
484 3019 607 3100 partem
630 3016 725 3099 elegit
747 3038 809 3099 qua
830 3039 895 3080 non
917 3015 1078 3079 auferetur
1100 3016 1139 3077 ab
1162 3038 1207 3079 ea.

266 3115 439 3182 XXXIV.
463 3120 500 3195 (c.
528 3119 587 3195 ΙΙ).
634 3116 645 3152 ¹
690 3119 734 3180 Elt
756 3117 875 3182 factum
898 3121 1000 3182 estin
1023 3117 1158 3200 quodam
1181 3117 1248 3181 loco
1272 3139 1364 3180 orans
1380 3123 1415 3178 et

181 3222 218 3282 ut
239 3219 378 3285 cessauit
400 3218 482 3284 dixit
504 3242 586 3283 unus
610 3243 650 3284 ex
672 3218 835 3304 discipulis
864 3219 998 3283 eiusad
1031 3241 1113 3283 eum,
1148 3219 1211 3282 dire
1245 3218 1320 3282 doce
1353 3241 1411 3281 nos

182 3342 270 3384 orare
294 3320 376 3385 sicut
398 3327 430 3385 et
452 3320 598 3387 iohannis
621 3321 729 3386 docuit
750 3321 920 3406 discipulos
943 3344 1024 3386 suos.
1059 3319 1071 3355 ²
1116 3321 1160 3384 Et
1182 3320 1227 3385 ait
1249 3319 1322 3384 illis.
1338 3343 1411 3386 cum

183 3422 279 3486 oratis
302 3421 397 3487 dicite
420 3429 509 3508 pater
531 3423 719 3508 sanctequi
742 3423 775 3487 in
799 3422 874 3488 celis
894 3431 940 3488 est
955 3423 1166 3488 sanctificetur
1181 3446 1296 3487 nomen
1313 3429 1410 3487 tuum.

182 3524 292 3589 ueniat
314 3548 444 3609 regnum
469 3533 560 3590 tuum
582 3529 638 3591 fiat
658 3527 807 3591 uoluntas
830 3532 886 3589 tua
916 3525 998 3590 sicut
1026 3525 1060 3589 in
1087 3525 1154 3590 celo
1188 3531 1220 3588 et
1252 3524 1284 3587 in
1318 3531 1410 3588 terra.

183 3624 322 3712 ³panem
345 3634 487 3692 nostrum
513 3629 703 3693 cotidianum
728 3629 766 3691 da
790 3629 879 3691 nobis
901 3627 1002 3692 hodie.
1017 3625 1075 3691 ⁴et
1098 3626 1221 3691 dimitte
1248 3625 1337 3690 nobis
1360 3627 1411 3690 de·

182 3728 247 3793 bita
269 3736 376 3795 nostra
398 3729 480 3795 sicut
502 3738 534 3794 et
557 3754 613 3795 nos
636 3729 828 3794 dimittimus
851 3728 1044 3794 debitoribus
1071 3729 1185 3793 nostris
1219 3737 1250 3793 et
1283 3752 1324 3792 ne
1356 3751 1416 3793 nos

182 3829 313 3896 inducas
336 3832 369 3895 in
393 3831 618 3917 temptationes
641 3832 695 3896 sed
725 3832 824 3896 libera
857 3854 914 3895 nos
948 3854 967 3894 a
1000 3830 1092 3895 malo.
1139 3829 1151 3865 ⁵
1195 3832 1239 3896 Et
1264 3831 1309 3895 ait
1339 3830 1412 3897 illis.

183 3935 254 4018 quis
284 3934 392 3999 uestrd
414 3933 544 3998 habebit
566 3933 701 4000 amicum
725 3939 757 3998 et
779 3933 838 3996 ibit
860 3933 900 3996 ad
921 3932 1014 3997 illum
1036 3931 1141 3996 media
1163 3938 1254 3996 nocte
1277 3939 1309 3995 et
1330 3932 1413 3997 dicet

186 4033 245 4100 illi.
270 4036 371 4100 amice
395 4042 540 4101 conmota
562 4036 641 4099 mihi
664 4046 727 4100 tres
750 4035 1000 4121 panes⁶quonia
1022 4034 1142 4098 amicus
1165 4033 1254 4098 uenit
1275 4057 1364 4098 meus
1375 4035 1417 4098 de

184 4137 237 4202 uia
259 4139 299 4202 ad
321 4163 371 4203 me
394 4147 426 4202 et
448 4161 511 4203 non
533 4140 633 4203 habeo
657 4138 742 4224 quod
764 4161 879 4223 ponam
913 4144 986 4200 ante
1021 4159 1103 4201 eum.
1151 4135 1162 4172 ⁷
1205 4136 1250 4200 Et
1282 4135 1336 4200 ille
1369 4160 1414 4199 re-

183 4241 339 4326 spondens
363 4239 488 4306 deintus
512 4241 595 4305 dicit.
621 4240 686 4305 noli
709 4239 788 4304 mihi
811 4263 880 4304 esse
902 4240 1052 4303 molestus
1074 4237 1137 4302 iam
1160 4239 1274 4301 ostium
1291 4238 1414 4302 clusum

184 4346 232 4409 est
254 4348 286 4406 et
307 4341 399 4427 pueri
420 4341 455 4406 in
478 4342 575 4407 cubili
597 4365 721 4407 mecum
754 4350 828 4406 sunt
859 4364 922 4406 non
954 4364 1080 4426 possum
1113 4361 1240 4421 surgere
1274 4344 1307 4403 et
1339 4339 1415 4402 dare

183 4443 322 4512 tibi.⁸et
347 4445 401 4509 ille
426 4444 452 4509 si
474 4444 728 4530 perseuerauerit
750 4450 819 4529 plus
845 4444 981 4529 pulsans.
1013 4441 1082 4506 dico
1104 4441 1194 4505 uobis
1227 4448 1258 4504 et
1291 4440 1317 4504 si
1349 4463 1412 4504 non

184 4550 278 4614 dabat
300 4545 347 4611 illi
371 4569 501 4630 surgens
524 4569 561 4610 eo
585 4546 666 4631 quod
690 4546 810 4610 amicus
833 4545 904 4609 eius
925 4552 974 4609 est
995 4549 1122 4630 propter
1144 4550 1249 4607 autem
1279 4541 1415 4627 inprobi·

184 4656 282 4718 tatem
313 4649 382 4716 eius
415 4654 522 4734 surget
556 4655 588 4713 et
620 4647 707 4712 dabit
740 4646 787 4710 illi
821 4652 940 4731 quanta
974 4646 1139 4710 desiderat
1186 4642 1199 4680 9
1241 4645 1310 4728 Ego
1344 4643 1416 4708 dico
