3467 5192
275 245 317 308 22
703 247 740 312 (c.
760 245 804 311 25)
822 208 1003 311 euangelium
1028 261 1084 299 sec.

273 413 396 481 semino
419 420 453 480 et
475 438 630 501 congrego
653 417 709 482 ubi
731 441 794 502 non
817 415 926 503 sparsi.
972 413 1000 454 ²⁷
1043 412 1194 503 Oportuit
1216 440 1289 503 ergo
1311 418 1434 484 tradere
1455 442 1505 505 pe-

275 516 400 581 cuniam
426 541 527 583 meam
551 519 748 586 numulariis.
773 525 805 585 et
827 543 885 604 ego
910 519 1044 585 ueniens
1070 518 1253 606 recipissem
1282 521 1366 606 quod
1399 545 1503 586 meum

275 626 322 684 est
346 625 430 698 [cum
454 625 575 702 usursl.
622 620 649 659 ²⁸
693 622 811 688 Tollite
833 623 943 707 itaque
964 623 1003 687 ab
1026 645 1063 687 eo
1085 623 1240 688 talentum
1263 627 1295 688 et
1316 623 1389 688 date
1404 623 1434 688 ei
1450 625 1505 709 qui

277 722 372 789 habet
395 724 503 789 decem
525 730 653 791 talenta.
667 723 694 762 ²⁹
706 728 794 792 omni
816 725 901 790 enim
924 724 1055 791 habenti
1082 714 1208 790 dabitur
1223 731 1256 791 et
1271 725 1452 797 abundabit.
1475 727 1505 794 ei

278 832 384 891 autem
408 825 463 912 qui
485 849 548 891 uon
570 827 667 895 habet
688 835 720 893 et
742 829 826 914 quod
848 828 966 893 habent
988 826 1149 893 auferetur
1170 829 1209 892 ab
1232 826 1353 893 eo⁸⁰et
1367 852 1504 914 nequam

278 951 406 994 seruum
428 927 560 1014 proicite
582 928 665 996 foras
687 931 721 994 in
743 932 889 997 tenebras
912 931 1094 996 exteriores.
1118 928 1181 995 illic
1203 929 1264 996 erit
1285 933 1421 999 fletuset
1435 932 1503 999 stri·

278 1031 334 1096 dor
355 1031 508 1097 dentium.

362 1135 476 1200 LXX.
523 1133 549 1173 ³¹
594 1135 676 1201 (lum
699 1142 805 1202 autem
826 1135 960 1224 ueniens
987 1135 1071 1202 filius
1103 1135 1241 1202 hominis
1274 1136 1307 1202 in
1341 1138 1505 1207 maiestate

278 1263 335 1305 sua
356 1244 389 1304 et
410 1261 519 1304 omues
541 1238 646 1323 angeli
669 1261 736 1304 cum
761 1240 819 1322 [eo]
843 1244 919 1304 tunc
942 1238 1063 1304 sedebit
1084 1262 1178 1324 super
1199 1240 1306 1304 sedem
1332 1240 1505 1308 maiestatis

278 1341 438 1425 suaefflget
461 1342 753 1426 congraegabuntur
775 1347 848 1406 ante
871 1364 944 1406 eum
966 1364 1075 1406 omnes
1096 1349 1207 1426 gentes
1230 1348 1262 1408 et
1281 1343 1439 1429 separabit
1453 1368 1505 1410 eos

278 1447 316 1511 ab
339 1443 477 1509 inuicem
499 1443 581 1508 sicut
602 1449 707 1530 pastor
729 1449 873 1529 segregat
894 1466 970 1509 oues
993 1445 1032 1509 ab
1053 1443 1172 1509 haedis.
1190 1441 1216 1480 ³⁸
1235 1450 1268 1510 et
1293 1451 1411 1511 statuet
1430 1470 1505 1513 oues

278 1548 317 1612 ad
339 1545 459 1613 dextris
481 1545 545 1611 suis
567 1547 683 1613 haedos
705 1552 811 1612 autem
834 1570 852 1611 a
875 1545 1010 1612 sinistris
1022 1544 1051 1583 ³⁴
1061 1552 1137 1611 tunc
1160 1545 1244 1612 dicet
1264 1570 1321 1613 rex
1343 1548 1393 1613 his
1414 1549 1505 1634 quia

277 1648 397 1716 dextris
419 1656 494 1715 sunt
516 1649 592 1715 eius.
626 1648 745 1714 Uenite
767 1648 922 1714 benedicti
945 1647 1044 1735 patris
1066 1648 1130 1714 mei
1162 1651 1318 1734 possidete
1343 1677 1505 1740 praepara·

278 1759 345 1819 tum
369 1751 458 1817 uobis
480 1775 612 1838 regnum
636 1776 654 1817 a
676 1751 901 1818 constitutione
924 1751 1043 1818 mundi.
1057 1750 1084 1790 ³⁶
1097 1752 1193 1818 esurii
1205 1754 1289 1820 enim
1313 1761 1345 1822 et
1374 1756 1505 1823 dedistis

278 1855 357 1921 mihi
379 1855 578 1920 manducare.
602 1853 690 1920 sitibi
712 1859 744 1920 et
765 1853 897 1920 dedistis
919 1853 999 1919 mihi
1022 1854 1132 1920 uiuere
1154 1857 1268 1943 hospes
1288 1861 1343 1922 era
1360 1865 1392 1925 et
1419 1866 1505 1926 colle·

277 1957 368 2046 gistis
389 1982 440 2023 me
451 1955 478 1995 ³⁶
489 1957 632 2022 infirmus
655 1965 687 2022 et
709 1956 863 2023 uisitastis
886 1957 993 2023 mein
1017 1981 1140 2023 carcere
1164 1970 1219 2024 ers
1242 1966 1273 2026 et
1301 1961 1434 2028 uenistis
1465 1963 1503 2028 ad

278 2085 337 2126 me.
383 2059 410 2098 ³⁷
454 2060 546 2127 Tunc
567 2061 800 2147 respondebunt
823 2059 853 2124 ei
875 2059 952 2126 iusti
973 2059 1123 2126 diceutes.
1147 2061 1210 2126 dr're
1232 2064 1356 2149 quando
1373 2069 1405 2130 te
1428 2065 1505 2130 uidi-

277 2186 359 2229 mus.
383 2163 573 2229 esurientem
598 2167 630 2228 et
651 2161 823 2249 pa(ui)mus
844 2168 877 2228 te
900 2169 955 2228 aut
977 2162 1141 2228 sitientem
1164 2173 1196 2230 et
1215 2164 1357 2231 dedimus
1377 2166 1436 2232 tibi
1453 2191 1506 2254 pc

278 2273 356 2332 tum.
371 2264 533 2351 ³⁸quando
557 2271 662 2331 autem
687 2272 719 2331 te
742 2264 880 2331 bidimus
905 2264 1060 2352 hospitem
1084 2272 1117 2331 et
1138 2267 1361 2352 collegimuste
1377 2275 1433 2335 aut
1447 2294 1506 2334 nu·

278 2371 353 2434 dum
376 2374 409 2435 et
430 2369 628 2454 coperuimus
656 2375 697 2434 te.
713 2367 807 2434 ³⁹aut
835 2368 960 2454 quando
983 2373 1015 2433 te
1047 2367 1186 2434 uidimus
1220 2369 1379 2436 infirmum
1410 2378 1442 2438 et
1471 2372 1505 2438 iu

278 2493 400 2538 carcere
422 2476 454 2537 et
476 2470 623 2537 uenimus
646 2472 686 2535 ad
707 2478 749 2536 te.
793 2469 822 2508 ⁴⁰
864 2472 910 2537 Et
931 2471 1123 2557 respondens
1145 2495 1201 2537 rex
1224 2471 1307 2538 dicet
1328 2473 1393 2539 illis
1412 2498 1505 2541 amen

277 2575 346 2640 dico
370 2573 459 2640 uobis
482 2573 622 2659 quandiu
647 2573 765 2640 fecistis
796 2573 853 2639 uni
881 2576 993 2639 horum
1023 2573 1226 2640 minimorum
1258 2580 1291 2640 et
1323 2575 1401 2641 mihi
1434 2576 1506 2644 feci-

277 2677 342 2745 stis.
387 2677 414 2714 ⁴¹
459 2677 551 2742 Tunc
573 2675 658 2743 dicet
679 2682 711 2742 et
733 2676 782 2741 his
805 2675 860 2762 qui
893 2675 1069 2742 asinistris
1101 2685 1184 2742 sunt.
1222 2676 1373 2746 discedite
1404 2703 1422 2744 a
1454 2703 1506 2744 me

276 2779 434 2846 maledicti
457 2779 490 2843 in
513 2779 619 2864 iguem
643 2785 807 2844 aeternum
830 2802 925 2865 quem
947 2778 1072 2864 parauit
1094 2788 1184 2866 pater
1206 2804 1295 2846 meus
1317 2780 1439 2846 diabolo
1457 2787 1501 2860 [et

275 2883 396 2970 angelis
419 2881 508 2964 eius].
554 2879 581 2919 ⁴2
624 2880 758 2946 Esuriui
780 2881 865 2946 enim
890 2888 923 2946 et
950 2906 1014 2947 non
1044 2881 1282 2949 dedistismihi
1314 2884 1518 2950 manducare

276 2985 366 3053 sitini
387 2992 420 3050 et
441 3007 506 3050 nou
528 2983 659 3050 dedistis
682 2983 762 3048 mihi
783 2984 899 3049 bibere.
911 2982 939 3021 ⁴³
952 2985 1065 3071 hospes
1088 3008 1172 3050 eram
1201 2990 1234 3050 et
1260 3009 1323 3051 nou
1343 2985 1505 3073 recepistis

227 3106 229 3110 ’
276 3113 327 3154 me
350 3089 454 3154 nudus
475 3093 508 3152 et
529 3110 593 3152 non
615 3084 781 3173 operuistis
804 3110 854 3152 me
877 3087 1021 3153 infirmus
1044 3088 1131 3153 etin
1154 3111 1276 3154 carcere
1303 3095 1336 3153 et
1361 3112 1425 3154 uon
1445 3113 1505 3154 ue

276 3191 390 3256 nimus.
435 3188 464 3227 ⁴⁴
508 3190 597 3255 Tunc
624 3190 858 3275 respondebunt
881 3195 912 3256 et
941 3189 1002 3277 ipsi
1033 3190 1174 3256 diceutes
1207 3190 1279 3256 dme
1313 3192 1437 3277 quando
1472 3197 1504 3257 te

277 3293 415 3358 uidimus
437 3291 628 3358 esurientem
651 3300 706 3358 aut
728 3291 890 3358 sitientem
913 3299 968 3358 aut
990 3293 1147 3378 hospitem
1170 3299 1225 3359 aut
1247 3293 1366 3360 nudum
1390 3301 1445 3361 aut
1460 3295 1505 3359 in-

275 3399 401 3462 firmum
425 3399 481 3460 aut
501 3393 536 3458 in
559 3417 714 3461 carcerem
737 3401 769 3461 ct
789 3418 853 3460 non
876 3395 1126 3462 ministrauimus
1154 3395 1221 3461 tibi.
1266 3394 1295 3434 ⁴⁵
1338 3396 1430 3463 Tunc
1460 3422 1505 3463 re-

276 3495 442 3585 spondebit
463 3495 526 3562 illis
549 3494 663 3562 dicens.
688 3521 780 3564 amen
803 3497 872 3562 dico
896 3497 985 3580 uobis
1008 3497 1148 3582 quandiu
1169 3521 1233 3563 non
1255 3497 1374 3564 fecistis
1391 3498 1448 3564 uni
1466 3501 1505 3565 de

276 3598 444 3682 min(im)is
455 3598 525 3666 istis
547 3623 606 3666 uec
627 3599 707 3665 mihi
729 3599 858 3667 fecistis.
871 3600 940 3666 “et
961 3600 1054 3666 ibunt
1075 3599 1111 3665 hi
1133 3599 1168 3665 in
1187 3600 1262 3687 ignd
1275 3607 1439 3668 aeternum
1460 3603 1505 3668 iu-

275 3703 315 3770 sti
339 3708 444 3769 autem
467 3702 501 3768 in
523 3702 625 3770 uitam
648 3711 817 3770 aeternam.

361 3804 495 3872 LXXI.
518 3807 556 3888 (c.
579 3806 643 3888 26).
690 3807 701 3842 ¹
746 3808 790 3873 Et
811 3805 930 3873 factum
953 3814 1001 3873 est
1025 3812 1192 3892 postquam
1222 3807 1424 3873 cousumauit
1451 3807 1504 3872 ihs

276 3932 437 3975 sermones
458 3909 516 3974 hos
538 3931 646 3975 omnes
669 3908 751 3974 dixit
773 3909 936 3995 discipulis
959 3908 1033 3975 suis.
1048 3907 1159 3975 ²scitis
1182 3910 1257 3994 quia
1285 3920 1355 3994 post
1373 3909 1504 3975 biduum

276 4013 393 4097 pascha
420 4013 475 4076 fiet
503 4018 535 4077 et
566 4011 650 4078 filius
684 4010 823 4077 hominis
857 4012 999 4077 tradetur
1032 4020 1068 4076 ut
1102 4011 1311 4096 crucifigatur.
1357 4011 1369 4049 ³
1413 4013 1505 4078 Tunc

277 4114 456 4200 congregati
479 4121 559 4181 sunt
575 4113 732 4201 principes
756 4115 952 4180 sacerdotum
975 4121 1008 4181 et
1030 4113 1150 4180 scribae
1172 4120 1205 4180 et
1230 4114 1368 4180 seniores
1396 4115 1505 4202 populi

276 4216 312 4282 in
333 4217 449 4282 atrium
471 4215 622 4304 principis
645 4217 842 4282 sacerdotum
861 4215 916 4302 qui
942 4215 1107 4282 dicebatur
1127 4215 1323 4304 caiphas⁴et
1338 4217 1505 4283 consilium

275 4319 420 4386 fecerunt
442 4326 478 4384 ut
501 4318 568 4383 ihm
591 4320 662 4385 dolo
684 4326 830 4386 tenerent
853 4327 884 4386 et
911 4318 1099 4386 occiderent.
1151 4318 1164 4358 ⁶
1211 4319 1371 4385 Dicebant
1397 4326 1503 4386 autem

276 4420 372 4486 usin
400 4420 552 4487 diefesto
576 4420 739 4504 [neforte]
765 4421 1234 4510 tumultusfieretiupopulo.
1281 4421 1293 4459 ⁶
1337 4421 1421 4489 (lum
1453 4446 1505 4487 au·

276 4530 342 4590 tem
366 4531 448 4590 esset
470 4523 522 4588 ihs
545 4523 579 4588 in
601 4523 751 4588 bethania
772 4525 806 4589 in
825 4524 917 4590 domo
932 4523 1063 4590 simonis
1078 4525 1193 4613 leprosi
1209 4524 1363 4592 ⁷accessit
1378 4526 1504 4590 adeum

277 4625 394 4694 mulier
420 4626 539 4692 habens
562 4625 718 4692 alabastrd
746 4626 903 4712 unguenti
934 4627 1065 4714 pretiosi
1098 4635 1131 4696 et
1152 4627 1264 4695 effudit
1285 4651 1380 4717 supra
1410 4633 1505 4714 caput
