3467 5192
302 245 345 307 44
734 243 762 307 (o
792 243 821 308 9)
841 243 1021 308 euangelium
1039 259 1095 296 seo.

303 414 389 478 aulos
411 423 491 477 tuos.
516 418 548 478 et
570 411 632 477 abii
656 419 688 477 et
709 412 775 477 lani
798 421 829 477 et
858 411 935 476 uidi.
982 411 1009 448 ¹²
1053 412 1213 477 Dixemut
1241 437 1315 498 ergo
1342 413 1380 478 ei.
1404 414 1459 479 ubi
1480 423 1531 480 est

302 516 365 578 ille.
394 514 471 579 dicit
497 515 611 580 neseio.
659 513 684 550 ¹³
739 515 916 580 Adducunt
946 538 1019 580 eum
1053 516 1091 580 ad
1125 515 1305 600 pharisaeos
1327 516 1383 598 qui
1417 537 1530 582 oaeous

302 616 412 682 fuerat.
429 616 455 653 ¹⁴
466 622 533 682 erat
554 625 660 682 autem
676 619 846 683 sabbatum
870 617 903 680 in
926 617 1058 702 quadie
1079 619 1181 683 lutum
1201 617 1340 684 feeitihs
1359 624 1390 683 et
1405 619 1531 704 aperuit

302 719 408 784 ooulos
437 719 515 785 eius.
562 717 588 758 ¹⁶
630 721 752 784 Iterum
780 742 854 802 ergo
888 719 1125 804 interrogabant
1158 744 1230 786 eum
1264 719 1422 806 pharisaei
1456 744 1530 806 quo·

302 821 394 884 modo
416 820 534 886 uidisti.
579 823 641 886 Ille
664 832 769 886 autem
794 821 877 886 dixit
899 821 953 887 eis.
977 824 1078 887 lutum
1103 823 1182 887 mihi
1209 822 1315 908 posuit
1332 845 1427 908 super
1455 845 1527 888 oeu-

301 923 347 988 los
370 929 402 987 et
423 923 489 988 leui
512 931 544 988 et
566 947 638 988 eooe
661 923 763 990 uideo.
811 923 837 962 ¹⁶
880 923 1041 989 Dicebant
1064 948 1137 1008 ergo
1156 949 1196 990 ex
1210 924 1384 1010 pharisaeis
1399 926 1528 1010 quidam

300 1047 364 1089 non
387 1031 434 1091 est
455 1026 508 1091 hio
530 1050 549 1090 a
570 1026 610 1090 do
632 1027 726 1090 homo
749 1026 804 1110 qui
827 1028 990 1091 sabbatum
1022 1050 1086 1092 non
1118 1026 1263 1092 custodit.
1294 1025 1349 1091 alii
1383 1027 1531 1092 dicebant

301 1130 456 1209 quomodo
479 1137 582 1213 potest
604 1130 697 1192 homo
722 1137 866 1214 peooator
888 1130 966 1194 haec
987 1127 1092 1194 facere
1113 1129 1212 1214 signa.
1236 1135 1269 1194 et
1295 1130 1433 1194 schisma
1462 1139 1530 1194 erat

299 1229 333 1293 in
357 1230 413 1295 eis.
461 1229 487 1270 ²⁷
530 1231 654 1297 Dicunt
677 1255 750 1315 ergo
773 1231 821 1294 illi
845 1253 946 1296 caeco.
970 1232 1046 1315 quid
1069 1231 1148 1297 diois
1170 1232 1209 1296 de
1236 1232 1375 1316 eoquod
1404 1231 1530 1318 aperuit

300 1334 406 1398 ooulos
428 1339 509 1398 tuos.
553 1333 614 1397 Ille
638 1341 743 1397 autem
768 1333 850 1398 dixit
873 1315 949 1416 huia
970 1335 1125 1420 propheta
1147 1340 1203 1400 est.
1250 1332 1277 1370 ¹⁸
1319 1334 1393 1399 Non
1423 1334 1527 1400 ereda·

299 1436 375 1500 bant
395 1433 502 1499 iudaei
525 1435 564 1499 de
586 1435 641 1500 illo
664 1436 811 1520 quoniam
836 1459 937 1501 oaeous
958 1435 1021 1501 fuit
1044 1442 1075 1501 et
1096 1437 1184 1502 uidet
1214 1437 1312 1500 donea
1340 1442 1530 1501 uocarentur

300 1545 446 1622 parentes
459 1535 528 1602 19εῖ
542 1537 817 1625 interrogauerunt
839 1562 901 1602 eos.
924 1538 976 1602 hio
998 1548 1047 1603 est
1067 1538 1152 1603 filius
1175 1545 1280 1604 uester
1304 1562 1396 1623 quem
1412 1561 1470 1604 uos
1485 1538 1529 1602 di-

225 1645 227 1647 ’
300 1638 370 1703 aitis
393 1639 468 1723 quia
490 1663 599 1704 oaeous
622 1649 714 1705 uetus
744 1649 791 1706 est
828 1641 983 1725 quomodo
1016 1664 1089 1725 ergo
1124 1665 1207 1705 nuno
1242 1640 1323 1706 uidit
1354 1641 1454 1705 modo.
1500 1638 1530 1676 ²⁰

300 1742 545 1826 Responderunt
567 1752 712 1827 parentes
735 1743 803 1807 eius
827 1756 858 1807 et
880 1743 1038 1808 dixerunt.
1063 1744 1180 1807 scimus
1198 1744 1273 1828 quia
1292 1744 1344 1807 hio
1361 1744 1445 1809 filius
1460 1766 1529 1808 nos-

299 1849 346 1907 tor
368 1852 415 1908 est
437 1855 469 1908 et
491 1847 639 1929 quoniam
665 1868 774 1910 oaeous
797 1855 891 1909 natus
914 1855 961 1909 est
974 1844 1000 1880 ²¹
1013 1846 1169 1930 quomodo
1192 1855 1299 1911 autem
1321 1845 1410 1911 uidet
1431 1845 1529 1909 nesci-

299 1969 369 2010 mus
392 1955 447 2011 aut
468 1947 538 2031 quis
561 1947 685 2032 aperuit
707 1949 814 2013 oeulos
837 1970 893 2011 nos
916 1947 1083 2012 nescimus.
1107 1947 1211 2033 ipsum
1235 1947 1427 2031 interrogate
1443 1956 1527 2012 aeta·

298 2057 363 2112 tem
386 2050 480 2114 hahet
502 2049 569 2134 ipse
591 2073 648 2135 pro
671 2073 704 2114 se
727 2051 883 2134 loquatur.
930 2048 956 2086 ²²
1002 2049 1093 2114 Haeo
1116 2050 1265 2115 dixerunt
1286 2058 1433 2135 parentes
1459 2049 1528 2113 eius

300 2151 374 2235 quia
398 2151 551 2216 timebant
573 2151 701 2217 iudaeos
735 2151 798 2216 iam
833 2151 918 2217 enim
952 2153 1156 2218 decreuerant
1187 2151 1295 2217 iudaei
1323 2160 1359 2216 ut
1394 2151 1422 2216 si
1457 2150 1528 2235 quis

300 2257 502 2318 eonfiteretur
536 2279 608 2319 eum
645 2265 721 2340 xpm
760 2260 842 2320 esset
879 2267 968 2320 extra
994 2278 1194 2340 synagogam.
1224 2253 1250 2292 ²³
1272 2259 1438 2340 propterea
1473 2277 1525 2339 pa·

297 2368 402 2421 rentes
429 2356 498 2421 eius
526 2356 677 2422 dixerunt
709 2357 784 2442 quia
819 2364 954 2422 aetatem
989 2359 1085 2423 habet
1117 2359 1220 2444 ipsum
1254 2357 1453 2441 interrogate.
1501 2355 1529 2392 ²⁴

298 2459 503 2525 Uooauerunt
524 2483 597 2544 ergo
620 2459 781 2524 hominem
804 2460 920 2526 iterum
942 2460 997 2544 qui
1020 2460 1124 2524 fuerat
1147 2483 1258 2525 oaeous
1280 2465 1312 2525 et
1330 2457 1481 2523 dixerunt
1495 2459 1525 2522 ei

298 2562 337 2643 da
360 2563 510 2626 honorem
533 2562 582 2625 do.
606 2586 663 2627 nos
691 2562 807 2628 seimus
840 2561 915 2647 quia
942 2563 998 2629 hio
1031 2564 1125 2628 homo
1156 2567 1302 2648 peooator
1334 2567 1390 2626 eat.
1405 2559 1432 2598 ²⁶
1445 2560 1528 2624 dixit

258 2667 259 2672 ’
297 2687 370 2748 ergo
394 2663 498 2727 illesi
525 2673 667 2748 peccator
702 2671 749 2729 est
775 2665 881 2736 neseio
911 2688 1010 2729 unum
1041 2665 1106 2730 soio
1135 2663 1210 2750 quia
1243 2687 1352 2729 oaeous
1385 2686 1472 2727 eram
1494 2674 1526 2727 et

297 2766 388 2829 modo
411 2765 514 2830 uideo,
561 2765 587 2804 ‘²⁶
631 2766 793 2832 Dixerunt
815 2790 889 2851 ergo
912 2767 951 2832 ei.
976 2767 1051 2851 quid
1082 2766 1158 2831 feeit
1179 2766 1237 2831 tibi
1268 2765 1424 2851 quomodo
1453 2788 1524 2850 ape·

297 2867 360 2931 ruit
382 2868 492 2932 nardus
521 2877 601 2932 tuos.
648 2867 674 2906 ‘³⁷
720 2869 898 2955 Respondit
930 2869 984 2934 eis.
1019 2869 1081 2933 iam
1116 2869 1184 2933 dixi
1205 2869 1296 2934 uobis
1331 2875 1362 2933 et
1394 2867 1527 2932 audistis

297 2969 374 3054 quid
396 2969 511 3034 iterum
535 2971 644 3035 audire
676 2971 773 3036 uultis
803 2972 957 3056 numquid
993 2981 1024 3036 et
1057 2995 1113 3036 uos
1146 2971 1244 3036 uultis
1278 2969 1425 3055 discipuli
1459 2969 1527 3035 eius

295 3073 370 3138 fieri.
419 3070 446 3108 ²⁸
491 3073 726 3138 Maledixerunt
749 3097 822 3157 ergo
845 3074 876 3137 ei
899 3081 932 3139 et
953 3073 1112 3140 dixerunt.
1137 3081 1172 3137 tu
1191 3072 1365 3158 discipulus
1388 3071 1457 3137 eius
1479 3080 1528 3136 est

296 3199 352 3240 nos
375 3175 521 3262 discipuli
543 3175 645 3261 moysi
668 3199 784 3241 sumus.
801 3175 897 3241 29nos
918 3175 1034 3240 seimus
1057 3175 1133 3260 quia
1155 3174 1257 3259 moysi
1279 3177 1403 3240 loeutus
1426 3183 1474 3240 est
1488 3176 1526 3238 ds

294 3279 380 3342 huno
398 3286 504 3342 autem
527 3277 685 3343 nescimus
701 3279 785 3343 unde
797 3277 846 3343 sit.
893 3276 921 3316 ³⁰
968 3278 1144 3363 Respondit
1164 3277 1217 3342 ille
1229 3279 1323 3342 homo
1337 3283 1370 3342 et
1386 3277 1475 3342 dixit.
1493 3277 1526 3341 in

294 3381 353 3444 hoo
375 3379 519 3445 mirabile
542 3386 589 3445 est
610 3379 686 3464 quia
708 3403 765 3444 uos
787 3379 917 3445 nesoitis
942 3380 1024 3444 unde
1047 3380 1089 3445 sit
1111 3388 1143 3445 et
1165 3379 1289 3465 aperuit
1310 3381 1417 3444 oeulos
1440 3402 1526 3444 meos

294 3481 448 3548 ³1seimus
470 3482 545 3567 quia
566 3489 746 3568 peooatores
770 3483 806 3545 ds
830 3488 871 3545 no
894 3482 1024 3547 exaudit
1046 3483 1101 3546 sed
1125 3481 1152 3546 si
1182 3481 1253 3567 quis
1283 3482 1315 3545 di
1345 3483 1446 3547 cultor
1479 3494 1526 3546 est

294 3590 326 3650 et
348 3585 545 3650 uoluntatem
568 3584 636 3649 eius
658 3583 734 3648 faoit
756 3587 840 3650 huno
863 3584 994 3649 exaudit
1007 3583 1066 3648 32ε
1093 3585 1412 3668 εωοιΙΙοήιιῐηᾳεεῐη
1441 3583 1527 3648 audi-

293 3699 361 3751 tum
386 3696 433 3752 est
456 3687 531 3770 quia
554 3686 679 3772 aperuit
701 3687 771 3772 quis
795 3688 901 3751 oeulos
924 3687 1009 3752 oaeoi
1031 3686 1108 3751 nati.
1123 3684 1224 3750 83ιιὶεἱ
1247 3694 1330 3750 esset
1354 3686 1408 3751 hio
1437 3709 1455 3750 a
1486 3685 1526 3748 do

292 3813 354 3854 non
376 3797 499 3874 poterat
521 3788 624 3852 faeere
647 3789 825 3873 quiequam.
873 3787 900 3824 ³4
937 3789 1183 3875 Responderunt
1205 3796 1237 3853 et
1260 3788 1409 3852 dixerunt
1431 3787 1469 3852 ei.
1492 3786 1523 3850 in

293 3891 430 3976 peccatis
453 3914 485 3956 es
509 3897 593 3956 totus
616 3898 709 3954 natus
731 3898 762 3955 et
784 3898 819 3954 tu
842 3892 934 3956 dores
957 3915 1013 3956 noa
1037 3902 1068 3955 et
1094 3891 1256 3956 eiecerunt
1279 3914 1350 3954 eum
1373 3890 1465 3954 foras.
1500 3887 1527 3924 ⁸⁵

293 3995 432 4058 Audiuit
455 3993 505 4056 ihs
535 3993 610 4078 quia
638 3993 800 4058 eieoerunt
832 4017 904 4057 eum
938 3993 1022 4058 foras
1057 4002 1088 4058 et
1119 4017 1191 4058 oum
1225 3993 1402 4057 inuenisset
1435 3991 1524 4055 illum

290 4095 375 4160 foras
397 4095 480 4159 dixit
502 4099 532 4158 ei
556 4104 591 4160 tu
615 4095 714 4159 eredis
741 4096 794 4177 [in]
819 4095 919 4159 filium
943 4095 986 4159 di.
1032 4093 1059 4132 ³⁶
1103 4096 1282 4180 Respondit
1303 4095 1358 4157 ille
1388 4100 1420 4158 et
1441 4093 1525 4161 dixit

293 4199 363 4287 quis
386 4204 434 4262 est
456 4197 518 4260 dhe
541 4207 577 4262 ut
600 4197 723 4262 oredam
746 4197 779 4261 in
804 4221 875 4262 eum
900 4196 927 4235 ³⁷
937 4209 969 4261 et
991 4198 1073 4262 dixit
1097 4197 1126 4260 ei
1147 4196 1200 4261 ihs
1223 4205 1255 4262 et
1274 4197 1384 4262 uidisti
1405 4220 1478 4262 eum
1494 4199 1526 4264 et

293 4303 347 4388 qui
380 4303 431 4384 loq
458 4300 523 4364 itur
557 4308 661 4366 tecum
696 4299 763 4385 ipse
798 4306 853 4363 est.
869 4297 897 4335 ³⁸
917 4300 959 4380 [at
992 4299 1046 4362 ille
1081 4299 1135 4381 ait]
1170 4300 1262 4364 oredo
1285 4300 1358 4365 dhe·
1390 4307 1423 4366 et
1450 4302 1526 4387 [pro-

291 4404 407 4486 cidens]
433 4403 575 4468 adorabit
598 4403 646 4466 ed.
663 4400 690 4438 ³⁹
702 4410 734 4467 et
756 4402 801 4466 ait
824 4402 886 4465 ihs.
912 4403 943 4463 in
967 4401 1120 4465 iudicium
1144 4425 1202 4486 ego
1217 4403 1249 4467 in
1267 4404 1352 4468 huno
1368 4404 1524 4468 mundum

289 4505 364 4570 ueni
389 4505 503 4593 utqui
526 4529 589 4570 uon
612 4505 747 4586 uide[n]t
770 4503 927 4582 uidea[u]t
950 4512 982 4569 et
1011 4503 1066 4590 qui
1102 4504 1213 4569 uident
1246 4505 1331 4570 oaesi
1362 4507 1449 4571 fiant,
1497 4504 1527 4542 ⁴⁰

289 4609 334 4674 Et
357 4609 524 4673 audierunt
547 4633 587 4674 ex
609 4605 785 4693 pharisaeis
808 4605 863 4690 qui
887 4630 958 4672 oum
980 4606 1048 4693 ipso
1064 4615 1198 4672 erantet
1212 4606 1362 4672 dixerunt
1378 4607 1416 4673 ei.
1433 4631 1526 4673 num·
