3467 5192
326 285 369 348 32
498 268 500 272 Ι
757 281 795 346 (c.
815 281 842 347 3)
861 280 1042 346 euangelium
1059 297 1117 334 see.

328 451 353 489 ¹¹
397 453 504 517 Amen
528 473 619 515 amen
643 449 713 515 dieo
736 451 793 515 tibi
816 450 892 534 quia
918 452 1000 535 quod
1023 451 1139 516 seimus
1160 450 1321 535 loquimur
1343 458 1375 515 et
1397 451 1482 536 quod
1503 450 1550 515 ui·

326 556 430 621 dimus
453 553 666 619 testificamur.
691 561 723 617 et
743 552 963 618 testimoninm
985 558 1128 617 nostrum
1145 576 1209 618 non
1243 552 1398 638 adeipitis.
1446 553 1472 589 ¹²
1515 553 1550 620 Si

325 664 450 724 terrena
472 655 539 720 dixi
562 654 651 720 uobis
674 661 707 720 et
727 678 791 719 non
813 653 941 720 creditis
964 656 1119 739 quomodo
1142 654 1169 719 si
1192 655 1300 719 dixero
1330 655 1469 722 eaelestia
1490 679 1552 721 ore

326 759 414 824 detis.
463 757 488 795 ¹³
531 758 576 823 Idt
597 780 690 822 nemo
713 757 854 823 aseendit
876 757 910 822 in
933 759 1054 822 eaelum
1077 757 1138 823 uisi
1154 757 1203 822 his
1216 760 1252 839 (1)
1266 757 1323 844 qui
1340 758 1380 824 de
1400 759 1486 824 eaelo
1502 760 1552 824 de

325 861 446 928 seendit
467 860 551 926 filius
573 857 711 924 hominis
733 860 788 945 qui
811 859 915 924 estin
937 862 1034 924 eaelo.
1081 859 1108 896 ¹⁴
1151 861 1196 925 Et
1218 860 1301 926 sieut
1322 884 1447 946 moyses
1470 863 1552 926 exal·

325 964 407 1030 tauit
428 970 606 1049 serpentem
629 962 663 1026 in
685 962 807 1027 deserto
830 962 876 1027 ita
898 963 1031 1027 exaltari
1055 969 1178 1048 oportet
1198 962 1299 1028 filium
1321 962 1460 1029 bominis
1478 962 1505 1000 ¹⁵
1516 973 1552 1029 ut

325 1067 427 1132 omnis
449 1067 502 1142 qui
526 1065 624 1131 eredit
646 1064 679 1128 in
702 1065 791 1129 illum
815 1089 877 1129 non
901 1075 1010 1151 pereat
1037 1066 1091 1130 sed
1118 1066 1234 1131 habeat
1266 1065 1366 1130 uitam
1400 1074 1549 1132 eternam.

325 1169 352 1208 ¹⁶
395 1168 450 1235 Sie
472 1166 558 1233 enim
580 1166 694 1232 dilexit
716 1166 753 1231 ds
776 1167 929 1233 mundum
952 1176 988 1233 ut
1009 1167 1110 1231 filium
1133 1191 1232 1233 suum.
1254 1167 1455 1253 unigenitum
1482 1168 1550 1235 mit

323 1277 405 1338 teret
426 1276 463 1336 ut
484 1269 588 1335 omnis
610 1269 665 1354 qui
687 1269 787 1334 eredit
815 1270 848 1334 in
879 1294 951 1334 eum
981 1293 1044 1334 non
1078 1277 1187 1356 pereat
1218 1271 1273 1335 sed
1303 1270 1418 1336 habeat
1450 1271 1549 1335 uitem

324 1382 496 1440 aeternam.
542 1372 569 1410 ¹⁷
612 1371 685 1436 Non
709 1371 793 1436 enim
817 1371 904 1437 misit
926 1372 962 1437 ds
985 1372 1086 1437 fidium
1109 1397 1201 1438 suum
1224 1371 1256 1436 in
1285 1374 1369 1437 hune
1396 1373 1547 1438 mundum

322 1485 359 1543 ut
380 1477 499 1542 iudicet
521 1473 674 1538 mundum
699 1475 774 1557 [sed]
804 1482 840 1539 nt
862 1475 1004 1539 saluatur
1038 1476 1174 1540 mundns
1202 1499 1258 1561 per
1287 1473 1369 1560 ipsu.
1414 1473 1441 1511 1⁸
1485 1474 1550 1560 Qui

323 1579 422 1644 eredit
444 1577 475 1641 in
500 1601 573 1641 eum
596 1600 659 1641 non
682 1576 839 1641 iudicatur
862 1576 917 1662 qui
941 1601 1001 1642 non
1029 1577 1163 1642 crederit
1184 1577 1218 1641 in
1241 1577 1343 1662 ipsum
1373 1577 1405 1641 ia
1433 1577 1549 1643 iudiea-

323 1691 373 1748 tus
396 1686 444 1745 est
466 1679 541 1765 quia
563 1685 604 1744 nd
628 1679 728 1745 credit
749 1680 783 1743 in
804 1679 935 1745 nomine
963 1679 1122 1763 unigeniti
1148 1679 1206 1743 filii
1239 1680 1280 1744 di.
1326 1677 1353 1715 ¹⁹
1396 1680 1469 1744 Hoe
1502 1688 1549 1745 est

324 1790 429 1848 autem
455 1781 575 1848 iudiail'l
599 1783 631 1846 di
654 1781 728 1866 quia
750 1782 806 1846 lux
829 1782 920 1847 uenit
942 1782 976 1845 in
1006 1783 1091 1847 hune
1120 1783 1272 1847 mnndum
1304 1790 1336 1846 et
1369 1782 1550 1847 dilexerunt

322 1885 468 1950 homines
500 1885 605 1971 potius
628 1886 773 1950 tenebras
807 1907 902 1969 quam
934 1885 1048 1950 luoem.
1082 1892 1172 1950 amnt
1205 1885 1289 1949 enim
1324 1907 1432 1949 eorum
1466 1884 1548 1949 mala

322 2011 425 2074 opera.
472 1985 499 2024 ²⁰
542 1986 656 2053 Omnis
679 1987 763 2052 enim
787 1986 843 2073 qui
866 1988 949 2051 male
971 1987 1037 2072 agit
1058 1986 1125 2051 odit
1146 1987 1250 2052 lucem
1274 1995 1306 2052 et
1326 2010 1390 2051 non
1403 1987 1494 2052 uenit
1509 1987 1548 2051 ad

322 2092 423 2156 lucem
449 2097 484 2155 ut
507 2113 570 2155 non
593 2075 765 2174 arguantur
787 2113 882 2175 opera
904 2092 981 2155 eius.
1027 2089 1053 2125 ²¹
1099 2088 1163 2172 Qui
1194 2097 1299 2155 autem
1331 2089 1407 2155 facit
1436 2089 1548 2154 uerita·

322 2200 385 2259 tem
410 2192 499 2257 uenit
522 2193 685 2257 adiuuem
709 2201 745 2257 ut
768 2193 1011 2258 manifestentur
1033 2215 1128 2282 opera
1150 2192 1219 2256 eius
1245 2191 1321 2276 qnia
1346 2192 1380 2255 in
1408 2193 1447 2255 de
1474 2205 1547 2256 sunt

321 2296 413 2360 faeta.

406 2400 484 2466 VII.
530 2395 557 2433 ²²
600 2399 678 2462 Post
699 2399 777 2462 haee
800 2397 882 2462 dixit
906 2399 1015 2481 [uenit]
1039 2399 1091 2461 ihs
1114 2406 1146 2462 et
1168 2397 1316 2483 discipuli
1340 2397 1409 2462 eius
1432 2397 1465 2460 in
1488 2404 1547 2462 ter-

322 2525 388 2566 ram
411 2501 506 2566 iudea
529 2509 561 2565 et
583 2499 649 2565 illie
671 2500 960 2580 demorabunturd)
973 2524 1044 2565 oum
1060 2501 1106 2565 eis
1120 2509 1153 2565 et
1172 2501 1359 2586 baptizabat.
1398 2499 1424 2537 2³
1469 2501 1547 2565 Erat

320 2612 424 2670 autem
448 2610 480 2668 et
501 2603 654 2668 iohannes
677 2601 839 2688 baptizans
862 2603 896 2667 in
919 2625 1020 2668 aenno
1043 2603 1133 2667 iuxta
1155 2603 1246 2668 salim
1262 2603 1337 2687 quia
1353 2626 1453 2687 aquae
1469 2604 1545 2667 mul·

319 2713 370 2771 tae
381 2713 470 2770 erant
486 2705 552 2770 illio
569 2712 600 2770 et
622 2706 834 2772 adueniebant
850 2709 882 2770 et
893 2704 1137 2791 baptizabuntur
1148 2707 1187 2770 ab
1199 2724 1246 2770 eo,
1268 2703 1297 2742 ²4
1307 2706 1445 2770 nondum
1459 2706 1544 2769 enim

320 2808 433 2874 missus
456 2808 559 2873 fuerat
581 2807 615 2872 in
638 2830 795 2874 oareerem
818 2807 979 2872 iohannes,
1025 2807 1052 2845 ²⁵
1095 2809 1195 2874 Facta
1222 2813 1271 2873 est
1297 2831 1370 2893 ergo
1402 2807 1545 2892 quaestio

320 2934 359 2976 ex
382 2910 545 2997 discipulis
567 2909 715 2975 iohannis
738 2932 808 2975 eum
833 2909 955 2975 iudaeis
976 2910 1015 2974 de
1044 2910 1263 2996 purificatione
1278 2909 1305 2947 ²⁶
1323 2920 1355 2974 ot
1389 2915 1545 2975 uenerunt

319 3013 358 3078 ad
381 3013 518 3078 iohanne
541 3021 573 3077 et
595 3011 745 3076 dixerunt
768 3012 797 3076 ei
827 3012 915 3076 rabbi
943 3012 998 3097 qui
1027 3021 1094 3079 erat
1127 3022 1231 3078 teeum
1262 3019 1349 3077 trans
1381 3011 1542 3076 iordanem

318 3115 369 3181 eui
392 3126 428 3180 tu
450 3114 668 3180 testimonium
691 3113 879 3200 perhibuisti
902 3138 973 3179 eoae
997 3115 1049 3180 bie
1071 3114 1211 3200 baptizat
1233 3123 1265 3180 et
1286 3137 1395 3180 omnes
1410 3113 1544 3178 ueniunt

317 3217 357 3282 ad
379 3242 459 3283 eum.
508 3217 535 3256 ²⁷
579 3216 755 3303 Respondit
777 3216 928 3282 iohannes
951 3223 983 3282 et
1004 3218 1086 3282 dixit
1116 3241 1179 3281 non
1206 3225 1310 3303 potest
1336 3218 1430 3281 homo
1459 3217 1542 3281 adei·

316 3343 390 3405 pere
414 3320 584 3404 quidquam
608 3319 671 3384 nisi
693 3320 800 3383 datum
823 3318 921 3385 fuerit
942 3320 981 3385 de
1004 3321 1098 3384 eaelo,
1145 3318 1172 3356 ²⁸
1214 3319 1283 3406 Ipsi
1310 3344 1366 3385 uos
1395 3317 1474 3383 mihi
1497 3328 1541 3384 te-

317 3421 468 3486 stimonib
491 3421 663 3507 perhibetis
686 3422 769 3505 quod
792 3421 858 3486 dixi
883 3422 1042 3506 quianon
1066 3447 1134 3487 sum
1158 3427 1219 3508 xps
1242 3422 1297 3488 sed
1326 3422 1401 3508 quia
1430 3421 1542 3486 missus

212 3547 214 3552 ’
317 3546 387 3588 sum
410 3537 483 3588 ante
505 3522 604 3588 illum.
652 3523 679 3560 2⁹
723 3523 789 3608 Qui
811 3525 907 3589 habet
928 3547 1073 3610 sponsam
1097 3528 1209 3611 spdsus
1231 3530 1279 3590 est
1301 3523 1420 3590 amiens
1436 3529 1542 3588 autem

316 3625 423 3710 sponsi
446 3631 499 3711 qui
522 3635 584 3690 stat
606 3635 638 3692 et
660 3627 750 3692 audit
772 3651 844 3691 eum
867 3627 982 3711 gaudio
1005 3629 1122 3711 gaudet
1141 3636 1269 3713 propter
1291 3651 1401 3693 uocem
1425 3629 1540 3715 spousi.

316 3728 389 3793 Hoe
410 3751 483 3812 ergo
505 3729 656 3812 gaudium
679 3754 782 3794 meum
808 3729 962 3815 inpletum
979 3738 1027 3795 est
1053 3729 1181 3794 ³⁰illum
1201 3736 1323 3816 oportet
1338 3755 1475 3796 creseere
1491 3755 1541 3794 me

316 3836 421 3894 autem
444 3829 555 3894 minui.
600 3831 625 3867 ³¹
671 3831 736 3916 Qui
759 3838 865 3896 autem
895 3832 1058 3896 desursum
1081 3833 1172 3897 uenit
1205 3833 1309 3918 [super
1342 3857 1451 3900 omnes
1483 3840 1540 3898 est.

315 3931 371 4018 qui
408 3941 455 3997 est
491 3933 530 3997 de
567 3936 660 4017 terra]
709 3935 747 3999 de
780 3941 863 3998 terra
899 3942 947 3999 est
979 3947 1010 3998 et
1043 3935 1081 3999 de
1114 3941 1198 3999 terra
1230 3933 1378 4019 loquitur.
1414 3934 1470 4019 qui
1503 3935 1541 4000 de

316 4035 403 4099 eaelo
425 4034 515 4100 uenit
537 4041 642 4122 [super
671 4061 779 4102 omnes
813 4035 1007 4122 est]⁸2qu0d
1041 4037 1123 4102 uidit
1156 4045 1188 4102 et
1220 4037 1302 4122 quod
1325 4037 1449 4102 audiuit
1472 4038 1541 4119 [hoo

314 4140 457 4220 testatur]
482 4144 514 4202 et
535 4139 753 4204 testimonium
779 4139 847 4204 eius
870 4162 963 4204 nemo
986 4139 1112 4224 adeipit.
1126 4138 1318 4224 ³³quienim
1341 4139 1460 4226 adeipit
1482 4148 1540 4205 tes·

315 4239 481 4305 timonium
505 4241 573 4305 eius
595 4241 734 4326 signauit
757 4242 831 4325 quia
854 4241 891 4304 ds
914 4265 1011 4306 uerax
1034 4249 1089 4306 est
1108 4239 1137 4278 ³⁴
1154 4265 1247 4326 quem
1275 4241 1360 4307 enim
1384 4242 1472 4307 misit
1504 4243 1540 4306 ds

315 4344 411 4407 uerba
437 4343 469 4407 di
491 4343 633 4428 loquitur
654 4367 718 4407 non
741 4343 824 4407 enim
849 4343 890 4408 ad
912 4367 1091 4408 mensuram
1114 4345 1167 4409 dat
1189 4344 1227 4408 ds
1249 4354 1328 4431 spr'fr.
1373 4343 1401 4381 ³⁶
1443 4347 1541 4410 Pater

314 4444 419 4530 diligit
440 4447 540 4510 filium
564 4454 597 4509 et
625 4445 731 4509 omnia
764 4445 850 4510 dedit
883 4445 918 4509 in
950 4469 1047 4510 manu
1081 4447 1159 4511 eius.
1205 4446 1232 4484 ³⁶
1276 4446 1340 4530 Qui
1375 4447 1473 4513 eredit
1506 4447 1539 4512 in

314 4547 413 4612 filium
435 4549 530 4611 habet
552 4547 650 4611 uitam
675 4559 842 4612 aeternam.
869 4548 924 4632 qui
946 4572 1008 4612 non
1033 4549 1132 4614 eredit
1145 4549 1210 4614 filio
1225 4573 1287 4613 non
1304 4548 1425 4615 uidebit
1441 4551 1539 4614 uitam

313 4651 369 4715 sed
390 4650 437 4715 ira
459 4650 491 4713 di
514 4656 619 4715 manet
642 4673 737 4736 super
759 4673 841 4714 eum.
