3467 5192
316 281 358 346 26
739 286 776 351 (c.
797 284 842 352 27)
861 284 1040 351 euangelium
1060 301 1116 339 sec.

316 453 397 518 mihi
419 455 496 520 dms.
543 456 568 493 ¹¹
612 457 670 522 Ihs
693 463 798 523 autem
821 455 909 523 stet't
931 463 1004 522 ante
1018 458 1183 543 praesidem
1199 464 1232 522 et
1246 457 1453 542 interrogauit
1467 481 1539 522 eum

317 579 432 641 praeses
455 557 570 625 dicens.
596 566 631 626 tu
654 583 686 624 es
709 584 765 624 rex
787 561 981 626 iudaeorum.
1026 561 1115 626 Dicit
1138 561 1165 627 ei
1189 559 1240 624 ihs
1263 566 1298 625 tu
1321 559 1408 625 dicis.
1439 559 1466 595 ¹²
1496 560 1542 624 st

263 728 265 733 ¹
317 679 386 723 cum
411 660 614 726 adcusaretur
636 686 654 726 a
675 662 871 749 principibus
893 663 1090 728 sacerdotum
1119 669 1151 728 et
1179 661 1354 728 senioribus
1382 661 1464 726 nihil
1492 687 1539 728 re·

317 762 498 847 spondebat.
544 761 571 800 ¹³
615 765 706 829 Tunc
729 765 806 831 dicit
826 765 876 829 illi
897 765 1014 851 pilatus
1036 789 1099 830 non
1123 764 1213 831 audis
1235 773 1351 850 quanta
1373 765 1540 829 aduersum

316 871 348 928 te
368 864 565 931 testiticatur
578 865 647 932 ¹⁴et
670 873 755 946 [non]
777 867 939 955 respondit
961 867 990 932 ei
1016 869 1081 949 [ad]
1103 869 1203 933 ullum
1219 868 1351 933 uerbum
1374 867 1419 933 ita
1436 868 1542 932 (111111-

316 973 438 1032 raretur
460 990 585 1053 praeses
606 971 821 1038 uehementer.
868 968 895 1007 ¹⁵
937 971 1001 1035 Per
1023 970 1074 1035 die
1097 976 1202 1036 autem
1226 971 1397 1036 solemnem
1413 992 1541 1036 consue·

317 1077 407 1135 uerat
429 1093 554 1156 praeses
576 1071 736 1138 dimittere
758 1075 874 1160 populo
901 1098 999 1138 unum
1030 1073 1173 1139 uinctum
1200 1097 1293 1158 quem
1311 1071 1495 1138 uoluissent.
1513 1071 1540 1110 ¹⁶

317 1172 475 1238 habebant
497 1180 603 1239 autem
626 1180 702 1241 tunc
724 1176 868 1243 uinctum
892 1176 1046 1261 insignem
1069 1175 1124 1263 qui
1146 1175 1308 1241 dicebatur
1329 1177 1488 1242 barabbas.
1517 1174 1544 1213 ¹²

318 1274 525 1360 Congregatis
548 1285 655 1343 autem
678 1278 741 1343 illis
764 1278 845 1343 dixit
868 1279 993 1365 pilatus.
1024 1302 1117 1365 quem
1147 1278 1245 1344 uultis
1274 1277 1363 1343 uobis
1385 1277 1544 1344 dimittam

318 1378 489 1442 barabbam·
510 1403 549 1443 an
573 1379 639 1444 ihm
664 1380 718 1466 qui
741 1381 856 1446 dicitur
879 1387 948 1468 xps.
996 1380 1022 1417 ¹⁸
1065 1380 1192 1447 Sciebat
1214 1380 1299 1445 enim
1322 1381 1406 1465 quod
1427 1403 1482 1467 per
1497 1379 1543 1444 in·

317 1478 435 1544 uidiam
460 1483 653 1548 tradiderant
676 1507 758 1548 eum.
805 1482 831 1521 ¹⁹
875 1483 1014 1549 Sedente
1037 1489 1143 1549 autem
1165 1483 1220 1548 illo
1242 1507 1298 1569 pro
1320 1481 1471 1549 tribunali
1486 1481 1544 1546 mi·

318 1581 360 1647 sit
382 1583 421 1647 ad
444 1608 515 1649 eum
540 1608 620 1650 uxor
643 1585 711 1652 eius
734 1585 850 1652 dicens.
876 1586 956 1651 nihil
985 1586 1043 1652 tibi
1077 1591 1109 1652 et
1130 1585 1212 1651 iusto
1245 1585 1294 1650 illi
1329 1587 1429 1651 multa
1459 1585 1546 1650 enim

319 1707 410 1770 passa
433 1709 501 1751 sum
525 1687 620 1753 hodie
643 1693 710 1774 [per
731 1688 849 1768 uisum]
872 1697 1000 1775 propter
1021 1688 1120 1755 illum.
1167 1687 1195 1726 ²⁰
1236 1688 1408 1774 Principes
1439 1696 1546 1753 autem

318 1788 513 1854 sacerdotum
538 1797 569 1855 et
599 1792 737 1857 seniores
764 1801 987 1878 persuaserunt
1008 1793 1133 1878 populis
1155 1799 1191 1857 ut
1213 1796 1358 1878 peterent
1378 1791 1545 1856 barabbam

318 1890 385 1954 ihm
408 1914 483 1957 uero
506 1893 683 1979 perderent.
729 1892 755 1930 ²1
798 1895 1006 1980 Respondeas
1029 1901 1135 1959 autern
1158 1916 1274 1979 praeses
1295 1895 1341 1959 ait
1362 1893 1425 1959 illis
1450 1917 1546 1979 quem

317 1994 416 2059 uultis
439 1995 529 2060 uobis
552 1997 589 2061 de
623 1996 744 2062 duobus
767 1996 934 2063 dimittam.
966 1996 1004 2061 ad
1032 1997 1080 2061 illi
1115 1997 1266 2062 dixerunt
1297 1998 1473 2061 barabbam.
1520 1993 1547 2032 θ’

321 2095 411 2160 Dicit
433 2098 481 2162 illi
500 2097 616 2183 pilatus
639 2099 716 2183 quid
739 2123 812 2184 ergo
834 2099 987 2165 faciemus
1010 2099 1077 2163 ihm
1099 2101 1154 2185 qui
1177 2099 1293 2165 dicitur
1314 2104 1384 2185 xps.
1430 2097 1456 2135 ²³
1493 2098 1548 2163 Di-

317 2205 393 2264 cunt
414 2223 530 2266 omnes.
556 2201 763 2286 crucifigatur.
788 2202 848 2267 Ait
869 2201 933 2266 illis
955 2225 1079 2288 praeses.
1103 2201 1179 2286 quid
1202 2203 1288 2266 enim
1302 2201 1377 2266 mali
1400 2201 1484 2268 fecit.
1508 2202 1547 2266 ad

317 2300 365 2365 illi
387 2301 486 2387 magis
509 2304 685 2369 clamabant
707 2304 847 2370 dicentes
873 2304 1082 2388 crucifigatur.
1128 2302 1158 2341 ²⁴
1200 2304 1322 2370 Uidens
1344 2311 1449 2369 autem
1472 2305 1548 2390 pila·

317 2410 368 2470 tus
391 2405 465 2490 quia
487 2404 568 2470 nihil
590 2406 723 2491 profecit
745 2408 800 2473 sed
824 2407 925 2492 magis
947 2408 1119 2473 tumultum
1140 2409 1208 2473 fieri
1231 2415 1359 2494 accepta
1374 2430 1456 2491 aqua
1470 2406 1551 2472 lauit

318 2531 433 2574 manus
457 2518 528 2574 cora
550 2511 667 2595 populo
694 2509 801 2575 dicens
829 2509 981 2576 innocens
1015 2534 1072 2595 ego
1105 2533 1174 2576 sum
1210 2534 1228 2574 a
1262 2510 1415 2595 sanguine
1449 2508 1550 2588 [iusti]

317 2611 412 2676 huius
441 2634 497 2676 uos
526 2611 680 2678 uideritis.
727 2610 753 2649 ²⁶
798 2615 841 2678 st
871 2614 1063 2699 respondens
1091 2611 1240 2679 uniuersa
1270 2614 1362 2678 turba
1394 2612 1477 2678 dixit
1504 2616 1550 2678 sa·

319 2712 391 2797 guis
414 2711 482 2778 eius
505 2736 676 2800 supernos
699 2721 731 2781 et
753 2715 949 2802 superfilios
972 2722 1102 2781 nostros.
1149 2714 1176 2752 ²⁶
1220 2716 1311 2781 Tunc
1342 2714 1464 2780 dimisit
1485 2715 1549 2780 illis

319 2816 485 2881 barabbam
510 2815 576 2881 ihm
601 2841 675 2882 uero
698 2817 831 2903 flagellis
853 2841 978 2884 caesum
1009 2817 1139 2884 tradidit
1172 2817 1218 2882 eis
1249 2824 1285 2882 ut
1318 2817 1549 2902 crucifigerent.

321 2915 349 2957 ²²
393 2919 484 2984 Tunc
506 2919 621 2985 milites
644 2919 787 3006 praesidis
814 2920 1013 3007 susciperunt
1043 2920 1109 2984 ihu
1138 2920 1172 2984 in
1200 2919 1357 3006 praetorio
1385 2943 1551 3004 congrega·

320 3026 437 3086 uerunt
459 3022 497 3086 ad
521 3046 592 3088 eum
616 3022 768 3089 uniuersa
791 3024 919 3088 cohorte
933 3022 1003 3090 ²⁸et
1031 3023 1204 3088 induerunt
1227 3046 1300 3087 eum
1324 3022 1465 3087 tunicam
1481 3046 1552 3108 pnr-

320 3134 421 3210 purea
443 3131 475 3188 et
497 3124 663 3190 clamidem
687 3125 865 3192 coccineam
889 3125 1163 3191 circumdederunt
1185 3124 1216 3189 ei
1228 3122 1256 3161 ²⁹
1270 3130 1303 3189 et
1332 3146 1479 3189 coronam
1512 3125 1551 3190 de

322 3226 421 3312 spinis
443 3234 618 3313 posuerunt
639 3252 733 3314 super
756 3236 850 3315 caput
873 3228 941 3293 eius
963 3236 996 3292 et
1017 3227 1203 3293 arundinem
1230 3227 1264 3293 in
1293 3227 1455 3293 dexteram
1483 3227 1551 3292 eius

323 3334 354 3394 et
376 3329 636 3413 adgeniculantes
659 3352 692 3396 se
715 3335 789 3396 ante
812 3354 885 3394 eum
908 3330 1099 3395 deludebant
1128 3354 1200 3396 eum
1224 3329 1365 3396 dicentes
1392 3330 1475 3394 haue
1497 3354 1553 3396 rex

323 3430 498 3497 iudeorum.
513 3430 540 3470 ⁵⁰
549 3439 581 3498 et
603 3438 777 3519 expuentes
798 3433 832 3496 in
855 3456 928 3497 eum
947 3433 1139 3519 adceperunt
1168 3431 1355 3497 arundinem
1384 3438 1417 3498 et
1445 3426 1553 3519 percu·

321 3533 444 3600 tiebant
466 3539 561 3621 caput
584 3534 660 3601 eius.
706 3533 732 3572 ³¹
776 3536 820 3600 Et
842 3543 1007 3621 postquam
1025 3536 1203 3601 inluserunt
1218 3559 1292 3600 eum
1308 3542 1465 3601 exuerunt
1480 3559 1552 3600 eum

322 3636 488 3702 clamidem
513 3644 545 3703 et
567 3636 740 3703 induerunt
762 3662 834 3703 eum
858 3637 1049 3703 uestimenta
1073 3637 1141 3703 eius
1168 3645 1199 3703 et
1228 3633 1384 3702 duxerunt
1412 3661 1485 3703 eum
1517 3646 1554 3703 ut

321 3738 549 3824 crucifigerent.
597 3739 624 3778 ³²
671 3741 836 3806 Exeuntes
866 3746 972 3805 autem
999 3740 1193 3806 inuenerunt
1223 3739 1353 3804 homine
1383 3763 1552 3824 cyreneum

321 3841 502 3907 uenientem
527 3841 653 3906 obuiam
687 3842 748 3907 sibi
775 3842 904 3908 nomine
937 3841 1089 3908 simonem
1123 3844 1209 3908 hunc
1239 3843 1486 3926 angariauerunt
1518 3851 1555 3907 ut

324 3945 449 4010 tolleret
472 3967 595 4010 crucem
619 3944 695 4010 eius.
742 3943 769 3982 ³³
812 3946 856 4010 Et
878 3954 1035 4012 uenerunt
1057 3945 1091 4010 in
1113 3945 1216 4011 locum
1248 3944 1303 4029 qui
1335 3945 1453 4011 dicitur
1487 3945 1553 4028 gol·

321 4047 417 4131 gotha
439 4047 522 4131 quod
545 4053 592 4112 est
614 4048 760 4113 caluariae
782 4049 878 4114 locus.
893 4047 921 4085 ³⁴
934 4056 964 4114 et
987 4049 1141 4113 dederunt
1163 4047 1192 4112 ei
1204 4047 1311 4113 bibere
1329 4047 1465 4130 [uinum]
1482 4069 1554 4112 cum

322 4148 397 4214 felle
419 4148 565 4214 mixtum.
590 4156 621 4215 et
644 4173 714 4216 cum
737 4156 893 4235 gustasset
915 4150 1018 4216 noluit
1040 4150 1156 4215 bibere.
1202 4148 1229 4188 ³⁵
1255 4152 1432 4235 Postquam
1449 4162 1555 4215 autem

319 4250 544 4316 crucifixerunt
566 4276 637 4317 eum
662 4252 841 4318 diuiserunt
872 4253 1063 4318 uestimenta
1096 4252 1164 4317 eius
1199 4259 1314 4318 sortem
1348 4251 1512 4317 mittentes
1530 4249 1558 4289 ³⁶

320 4358 353 4418 et
374 4354 519 4419 sedentes
541 4355 709 4421 seruabant
731 4379 802 4420 eum
817 4353 843 4394 ³7
856 4363 889 4422 et
914 4356 1122 4441 inposuerunt
1148 4377 1243 4440 super
1265 4360 1358 4441 caput
1380 4353 1450 4418 eius
1485 4377 1556 4418 cau·

324 4478 389 4520 sam
413 4455 568 4522 scribtam.
594 4457 647 4523 hic
670 4465 717 4523 est
739 4457 789 4521 ihs
813 4481 869 4522 rex
892 4457 1085 4522 iudaeorum.
1122 4454 1149 4494 ³⁸
1193 4458 1284 4522 Tunc
1314 4455 1456 4521 crucifixi
1483 4463 1558 4521 sunt

320 4581 392 4623 oum
415 4582 451 4624 eo
474 4560 535 4625 duo
560 4560 699 4626 latrones
724 4583 805 4625 unus
828 4583 846 4624 a
868 4559 988 4624 dextris
1011 4566 1042 4625 et
1064 4559 1145 4624 alius
1168 4583 1186 4624 a
1208 4558 1354 4624 sinistris.
1380 4557 1409 4596 ³⁹
1443 4558 1557 4623 Trans-

321 4667 431 4728 euntes
453 4669 560 4728 autem
583 4661 816 4728 blasfemabant
839 4687 910 4728 eum
934 4669 1098 4728 mouentes
1117 4660 1221 4748 capita
1239 4683 1296 4726 sua
1311 4658 1339 4697 ⁴⁰
1355 4667 1387 4726 et
1404 4659 1554 4726 dicentes.
