3467 5192
278 259 339 322 118
710 260 746 325 (9.
759 262 801 322 10)
811 262 991 327 euangelium
1009 278 1064 316 sec.
1143 256 1146 260 ⁴

277 451 344 494 esse
368 429 487 515 primus
510 429 569 495 erit
591 431 733 496 omnium
756 455 877 497 seruus.
921 431 949 471 11
992 433 1077 498 Nam
1100 443 1132 500 91
1160 434 1244 498 filius
1271 431 1409 497 hominis
1441 454 1504 496 non

276 531 367 595 uenit
389 531 560 597 ministrari
583 533 637 597 sed
660 533 839 599 ministrare
863 545 894 600 91
924 535 998 600 dare
1027 536 1164 602 animam
1198 559 1287 601 suam
1320 531 1505 619 redemptio

276 656 351 697 nem
372 656 428 719 pro
451 635 569 700 multis.

360 737 537 801 XXXIII.
584 736 612 776 ⁴⁶
655 738 699 803 Et
725 748 801 804 tunc
832 738 967 805 ueniunt
999 741 1118 808 iericho
1153 750 1185 807 et
1217 739 1433 826 proficiscente
1466 759 1503 802 eo

273 837 348 902 inde
371 861 441 902 cum
465 839 628 925 discipulis
659 841 724 905 suis
752 849 784 906 et
817 843 909 906 turba
932 842 1032 908 multa
1052 843 1137 908 filius
1160 843 1269 908 timaei
1291 841 1503 921 bartimeas(!)

273 962 385 1005 caecus
407 941 535 1006 sedebat
558 942 641 1008 circa
662 943 748 1008 uiam
773 943 1057 1010 mendicans4⁷hio
1080 969 1151 1010 oum
1175 944 1315 1010 audisset
1341 943 1423 1029 quod
1453 942 1504 1006 ihs

272 1065 424 1108 nazareus
447 1055 494 1108 991
517 1045 621 1130 coepit
643 1046 778 1111 clamare
802 1056 833 1112 91
856 1046 963 1112 dicere
984 1047 1043 1112 ihti
1065 1048 1110 1112 fili
1134 1048 1231 1114 dauid
1260 1046 1410 1112 miserere
1441 1045 1503 1109 mei

273 1144 345 1210 ⁴⁸et
367 1145 460 1210 multi
483 1146 746 1213 conminahantur
770 1148 818 1212 illi
853 1160 890 1214 ut
922 1159 1049 1216 taceret.
1096 1150 1150 1215 Ad
1183 1149 1238 1214 ille
1270 1150 1370 1214 multo
1405 1147 1504 1232 magis

271 1248 427 1313 clamabat
471 1249 517 1312 fili
560 1249 655 1314 dauid
701 1251 851 1316 miserere
896 1252 967 1318 mei.
1013 1251 1041 1290 ⁴⁰
1094 1254 1139 1318 Et
1191 1261 1277 1318 stans
1320 1251 1372 1316 ihs
1412 1249 1504 1316 iussit

272 1351 364 1415 illum
387 1351 502 1416 uocari.
527 1351 581 1437 qui
616 1353 726 1418 dicunt
759 1377 851 1419 caeco
885 1353 1085 1441 animequicr
1117 1362 1184 1421 estc
1217 1377 1310 1438 surge
1340 1360 1433 1419 uocat
1462 1360 1503 1416 19.

273 1451 301 1491 11
345 1452 408 1537 Qui
432 1453 571 1539 proiecto
593 1457 785 1522 uestimento
808 1481 865 1522 suo
897 1456 1033 1523 exiliens
1063 1458 1152 1522 uenit
1185 1457 1225 1522 ad
1259 1455 1380 1522 eum.⁵¹
1394 1467 1427 1520 et
1460 1478 1505 1519 re·

272 1556 429 1641 spondens
452 1555 533 1620 dixit
555 1557 603 1620 illi
626 1556 677 1621 ihs
701 1558 850 1643 quiduis
873 1559 987 1625 faciam
1016 1560 1085 1626 tibi.
1131 1559 1252 1626 Caecus
1281 1566 1388 1624 autem
1422 1557 1505 1621 dixit

272 1657 302 1722 91
326 1659 398 1723 dno
421 1658 509 1722 rabbi
532 1659 798 1726 91911191111111
822 1685 898 1727 9919
920 1662 1003 1727 dixit
1024 1661 1055 1726 91
1077 1662 1158 1728 uade
1183 1662 1277 1739 11119).
1313 1660 1394 1726 uade
1428 1659 1506 1724 fides

272 1772 327 1825 199
350 1776 381 1824 to
404 1767 526 1827 saluum
550 1760 635 1828 fecit.
659 1772 692 1827 et
714 1764 881 1829 confestim
905 1764 987 1830 uidit
1008 1773 1040 1830 et
1061 1765 1252 1850 sequebatur
1270 1788 1343 1829 eum
1358 1763 1392 1827 in
1408 1761 1503 1826 uiam.

359 1865 532 1932 XXXIV.
557 1866 594 1944 (c.
621 1868 683 1946 11).
731 1864 741 1901 1
789 1867 927 1932 Etcum
959 1867 1227 1954 adpropinquaret
1260 1866 1505 1950 hierosolymam

272 1978 304 2030 et
328 1967 509 2032 bethaniam
534 1968 571 2032 ad
595 1980 734 2033 montem
758 1969 869 2034 oliueti
893 1969 992 2036 mittit
1015 1969 1092 2035 duos
1115 1995 1155 2036 ex
1178 1967 1340 2054 discipulis
1371 1965 1506 2032 suis²et

271 2069 318 2134 ait
340 2069 402 2135 illis
425 2071 469 2134 ite
492 2070 523 2134 in
548 2071 712 2136 castellum
734 2072 817 2154 quod
842 2081 953 2138 contra
976 2094 1033 2137 uos
1056 2081 1113 2136 est.
1157 2073 1202 2137 Et
1223 2071 1420 2137 introeuntes
1443 2078 1504 2133 sta·

273 2173 330 2237 tim
355 2173 526 2238 inuenietis
549 2173 670 2259 pullum
695 2173 869 2259 adligatum
894 2198 989 2261 super
1014 2199 1108 2260 quem
1141 2197 1236 2239 nemo
1269 2174 1371 2238 adhuc
1405 2171 1504 2236 homi·

272 2299 349 2339 num
373 2275 453 2340 sedit
474 2275 587 2342 soluite
610 2275 700 2341 illum
725 2287 756 2342 91
778 2276 938 2342 adducite.
953 2276 1011 2342 ³et
1033 2276 1059 2342 si
1082 2276 1153 2362 quis
1175 2276 1267 2342 uobis
1290 2274 1408 2340 dixerit
1429 2272 1507 2361 quid

271 2376 398 2443 soluitis
420 2378 543 2464 pullum
566 2386 597 2443 et
620 2379 731 2444 dicetis
755 2379 817 2444 diro
840 2381 1036 2445 necessarius
1069 2388 1117 2444 est
1147 2388 1181 2444 et
1213 2377 1363 2444 continuo
1397 2376 1503 2442 dimit·

274 2489 320 2546 tet
274 2480 431 2546 tillum
456 2481 524 2544 hoc
570 2479 585 2517 ⁴
627 2482 671 2547 Et
703 2483 821 2548 abeunt
808 2490 854 2548 tes
885 2482 1078 2548 inuenerunt
1111 2482 1233 2567 pullum
1267 2479 1399 2565 ligatum
1433 2486 1506 2543 ante

272 2581 1005 2650 19999911911911111911911199191991991991
1039 2581 1182 2649 99111.5
1224 2583 1269 2649 Et
1256 2582 1433 2666 tquidam
1467 2581 1507 2646 de

272 2685 422 2750 911991991
423 2697 478 2750 991
410 2685 550 2750 ttibus
573 2685 628 2771 qui
650 2695 740 2752 erant
728 2686 808 2752 tibi
831 2687 984 2751 dixerunt
971 2686 1060 2752 teis
1094 2685 1169 2771 quid
1206 2684 1293 2750 facit
1269 2692 1311 2750 trs
1347 2685 1507 2749 soluentes

273 2788 405 2874 pullum.
453 2788 466 2827 ⁶
510 2788 575 2874 Qui
597 2789 747 2855 dixerunt
770 2788 815 2854 eis
839 2789 922 2856 sicut
944 2789 1068 2854 dixerat
1089 2788 1154 2854 illis
1176 2787 1228 2852 ihs
1247 2797 1279 2853 91
1293 2786 1504 2873 permiserunt

273 2890 337 2954 illis
351 2890 489 2956 11199919
511 2892 631 2977 pullum
654 2892 693 2957 ad
727 2892 793 2956 ihm
822 2900 854 2958 91
883 2891 1042 2978 inponunt·
1074 2891 1123 2956 illi
1156 2889 1348 2957 uestimenta
1381 2911 1440 2954 sua
1474 2893 1507 2952 et

274 2993 357 3058 sedit
378 3016 472 3080 supra
495 2993 728 3059 1119911919111
751 3005 855 3060 9919111
880 2995 1073 3059 uestimenta
1094 3017 1152 3060 sua
1173 2993 1356 3059 sternebant
1370 2991 1404 3055 in
1420 2989 1504 3055 919111

272 3095 329 3159 9111
352 3119 426 3162 9919
449 3120 552 3162 ramos
574 3099 728 3163 cedebant
750 3099 788 3161 de
812 3097 1034 3162 arboribust
1002 3104 1034 3162 et
1067 3094 1293 3162 sternebant
1284 3119 1318 3158 m
1351 3092 1447 3158 uiam.
1490 3091 1507 3129 ⁹

269 3199 317 3263 Et
306 3198 395 3283 tqui
426 3199 636 3314 preibantet
604 3200 725 3285 equi
759 3200 972 3286 sequebantur
1006 3200 1183 3264 clamabant
1196 3197 1224 3235 ¹⁰
1233 3196 1381 3262 benedic
1368 3204 1418 3260 tus
1452 3193 1507 3280 qui

270 3302 364 3367 uenit
386 3300 420 3365 in
441 3302 570 3367 nomine
593 3303 648 3368 dr'ri
671 3302 874 3368 benedictum
897 3303 980 3387 quod
1004 3301 1094 3368 uenit
1116 3324 1250 3385 regnum
1279 3297 1378 3421 patris
1408 3296 1507 3363 nostri

274 3404 369 3469 dauid
392 3405 566 3469 hosanna
557 3428 590 3468 m
613 3406 755 3470 excelsis.

359 3489 511 3574 XXXV.
560 3506 584 3543 11
630 3507 674 3572 Et
662 3516 768 3573 tcum
791 3507 823 3570 in
826 3507 951 3573 11919991
979 3505 1268 3590 hierosolymam
1259 3529 1293 3568 m
1326 3505 1414 3591 teplo
1449 3502 1506 3570 cir·

271 3581 453 3698 cumspexit
474 3611 548 3676 1919
571 3634 641 3676 cum
666 3611 729 3673 iam
753 3610 791 3674 ad
815 3633 948 3695 uespera
970 3620 1053 3674 99991
1074 3609 1152 3672 hora
1174 3606 1253 3673 exiit
1276 3607 1311 3672 19
1326 3605 1507 3672 bethaniam

273 3738 347 3780 cum
369 3713 544 3779 duodecim.
591 3712 617 3749 11
662 3715 705 3778 111
727 3712 789 3777 9119
812 3713 862 3778 die
887 3737 959 3777 cum
981 3712 1100 3776 exisset
1126 3733 1145 3774 a
1173 3709 1357 3776 bethaniam
1386 3708 1507 3774 esuriit.

276 3815 302 3853 ¹³
314 3823 346 3881 et
368 3839 439 3882 911111
462 3815 594 3881 uidisset
617 3817 749 3901 alonge
772 3819 866 3881 ficum
890 3816 1060 3880 habentem
1083 3812 1193 3878 foliam
1224 3811 1314 3877 uenit
1344 3811 1455 3877 uidere
1481 3810 1508 3874 si

275 3919 352 4006 quid
375 3919 511 3984 9999119
535 3943 603 3984 9919
626 3926 659 3984 91
682 3918 764 3982 nihil
786 3917 911 3983 inuenit
933 3915 1179 3982 nisifclianon
1209 3915 1295 3979 enim
1329 3921 1398 3980 erat
1429 3922 1507 3980 tem·

274 4045 334 4109 pus
356 4025 482 4088 ficuum.
498 4020 568 4086 l‘et
590 4020 635 4086 ait
658 4021 688 4086 91
710 4020 771 4085 iam
796 4044 857 4085 non
883 4019 1020 4105 amplius
1042 4019 1075 4084 in
1092 4024 1256 4083 aeternum
1272 4016 1410 4082 fructum
1427 4015 1508 4100 quis·

275 4149 369 4210 quam
393 4133 487 4189 exte
511 4124 687 4188 manducet.
733 4123 777 4187 Et
800 4122 973 4188 audiebant
995 4121 1145 4207 discipuli
1166 4120 1243 4184 eius.
1290 4118 1317 4157 ¹⁶
1353 4119 1398 4184 Et
1412 4141 1508 4183 uene·

275 4236 350 4293 runt
372 4227 487 4293 iterum
505 4226 718 4339 hierosolyma
736 4234 769 4290 et
787 4248 857 4290 cum
875 4224 1035 4290 introisset
1050 4223 1085 4288 in
1097 4222 1220 4308 templu
1232 4221 1379 4307 etcoepit
1395 4220 1509 4287 eiicere

276 4331 417 4396 uendent
403 4338 451 4396 199
474 4340 506 4394 91
522 4335 662 4394 ementes
673 4327 836 4414 intemplo
849 4337 1015 4392 etmensas
1027 4323 1330 4390 numulariorumt
1298 4330 1330 4388 et
1345 4329 1396 4389 cat
1382 4325 1510 4389 thedras

274 4432 425 4498 uendent'
403 4445 483 4498 119111
507 4433 666 4512 columbas
691 4441 791 4496 999111
767 4428 889 4495 1911116
857 4437 973 4494 etnon
997 4428 1180 4494 9111911919
1142 4416 1374 4541 utquisquam
1407 4430 1508 4490 trans·

275 4534 372 4600 ferret
359 4542 450 4599 tues
473 4558 529 4621 per
552 4534 706 4619 templum
720 4532 792 4597 1191
814 4532 946 4598 docebat
966 4529 1031 4596 illis
1053 4529 1161 4595 dicens
1186 4529 1283 4615 script
1283 4553 1338 4593 919
1361 4541 1409 4592 991
1423 4526 1508 4592 enim

276 4637 388 4702 domus
411 4659 482 4702 mea
504 4637 615 4701 domus
636 4633 787 4701 orationis
809 4634 975 4701 uocabitur
997 4631 1142 4700 omnibus
1164 4632 1313 4716 gentihus
1335 4652 1392 4695 uos
1407 4635 1511 4695 autem
