3467 5192
298 228 337 291 10
720 227 757 293 (c.
780 228 824 290 17)
843 224 1023 292 euangelium
1041 240 1096 278 sec.

291 397 415 484 patitur
435 420 509 462 narn
532 421 605 483 sepe
627 397 710 462 cadit
732 395 765 460 in
789 395 894 480 ignem
919 403 950 460 et
972 394 1161 480 aliquotiens
1184 395 1216 459 in
1240 417 1353 479 aquam
1371 395 1397 434 ¹⁵
1413 405 1443 461 et
1466 419 1516 482 op·

295 499 354 565 tuli
378 521 449 564 eum
472 497 635 585 discipulis
658 499 721 564 tuis
744 505 775 564 et
798 521 861 563 non
884 506 1055 584 potueruut
1077 521 1184 562 curare
1207 521 1288 563 eum.
1320 495 1347 534 ¹⁶
1374 499 1514 584 Respon-

292 602 372 666 dens
395 609 502 667 autem
524 601 575 666 ihs
597 601 650 666 ait.
674 624 692 665 0
714 599 877 686 generatio
899 600 1060 666 incredula
1082 607 1115 665 et
1125 622 1272 685 peruersa
1287 621 1451 684 quousque
1465 623 1517 686 pa·

292 703 356 770 1101
377 727 442 769 uos.
466 726 630 789 quousque
653 727 704 768 ero
726 702 890 768 uobiscum
915 702 1035 768 adferte
1058 703 1117 768 hoc
1145 701 1235 766 illum
1259 702 1298 766 ad
1328 725 1386 765 me.
1417 699 1443 738 11
1472 702 1517 766 Et

292 805 472 894 increpauit
495 806 606 890 [illum]
631 805 682 870 ihs
705 812 737 870 et
764 805 863 871 exibit
892 806 930 869 ab
958 828 995 868 eo
1030 804 1211 870 demonium
1245 810 1276 871 et
1311 811 1435 870 curatus
1469 812 1517 870 est

293 931 373 994 puer
395 933 433 972 ex
456 909 511 973 illa
536 909 622 974 hora.
654 905 681 944 ¹⁸
708 908 799 973 Tunc
830 908 1030 972 adcesserunt
1056 905 1202 991 discipuli
1232 907 1271 970 ad
1304 907 1370 971 ihm
1398 912 1517 972 secreto

293 1019 327 1075 et
350 1009 498 1075 dixerunt
519 1034 616 1096 quare
631 1033 694 1100 ¹nos
716 1033 778 1075 non
801 1009 962 1095 potuimus
985 1009 1086 1075 eicere
1108 1008 1196 1073 illud.
1211 1006 1238 1045 ¹⁹
1249 1008 1326 1073 dicit
1338 1009 1402 1075 illis
1424 1031 1514 1096 prop·

293 1119 342 1178 ter
364 1111 615 1178 incredulitatem
638 1118 784 1178 uestram.
830 1113 937 1176 Amen
959 1111 1027 1177 dico
1050 1111 1140 1177 uobis
1163 1111 1189 1176 si
1212 1111 1385 1177 habueritis
1421 1111 1514 1176 fidem

292 1215 378 1280 sicut
398 1239 530 1300 granum
546 1214 673 1300 senapis
688 1213 828 1280 diceritis
839 1213 914 1279 huic
934 1213 1044 1279 monti.
1068 1214 1168 1279 transi
1189 1213 1263 1279 hinc
1286 1214 1361 1278 illuc
1383 1221 1415 1278 01
1436 1223 1518 1279 tran·

293 1317 370 1383 sibit
392 1323 424 1383 et
446 1317 524 1383 nihil
548 1317 730 1403 inpossibile
754 1317 815 1381 erit
836 1316 934 1381 uobis.
949 1315 1046 1381 ²⁰hoc
1067 1324 1171 1382 autem
1194 1339 1293 1401 genus
1305 1339 1367 1381 non
1383 1315 1516 1381 eiicitur.

293 1419 356 1485 nisi
378 1443 434 1506 per
456 1421 628 1484 orationem
652 1431 683 1484 01
705 1418 871 1485 ieiunium.
895 1417 922 1455 11
945 1419 1029 1504 Ipsis
1052 1427 1159 1483 autem
1185 1419 1444 1484 conuersantibus
1472 1417 1518 1484 eis

293 1522 327 1585 in
350 1521 491 1607 galilaea.
518 1521 599 1586 dixit
622 1521 685 1586 illis
708 1521 760 1585 ihs
782 1521 924 1586 futurum
948 1528 995 1586 cst
1016 1529 1053 1586 ut
1073 1520 1158 1585 filius
1175 1520 1313 1586 hominis
1328 1521 1469 1586 tradatur
1484 1519 1517 1584 in

293 1647 406 1689 manus
428 1623 592 1688 hominum
605 1621 676 1688 1101
698 1623 839 1690 occident
863 1647 934 1688 eum
959 1629 991 1688 et
1013 1623 1104 1689 tertio
1127 1622 1178 1688 die
1192 1630 1342 1708 resurget.
1388 1624 1516 1687 1111000·

293 1726 416 1791 tristati
438 1735 512 1792 sunt
538 1727 750 1791 uehementer.

380 1829 437 1893 LI.
462 1827 488 1865 ²³
509 1829 552 1893 Elt
575 1852 647 1895 cum
661 1827 824 1894 uenissent
839 1829 1053 1914 capharnaum
1070 1829 1270 1894 adcesserunt
1285 1827 1340 1912 qui
1356 1827 1518 1914 didragma

246 1969 248 1972 ·
293 1931 465 2012 exigebant
476 1931 515 1995 ad
537 1930 629 2016 petrd
652 1939 684 1995 et
699 1930 856 1996 dixerunt.
877 1929 1026 2014 magister
1040 1940 1145 1995 uester
1160 1954 1223 1994 ncn
1238 1931 1334 1996 soluit
1349 1929 1517 2016 didragma.

294 2032 323 2070 11
346 2033 406 2099 Ait
427 2033 546 2120 utique.
572 2032 704 2100 intrauit
726 2032 758 2097 in
789 2032 916 2097 domum
933 2031 1080 2118 preuenit
1114 2057 1186 2097 eum
1220 2033 1271 2097 ihs
1294 2032 1410 2098 dicens.
1443 2032 1518 2118 quid

293 2135 354 2201 tibi
376 2135 502 2201 uidetur
524 2135 635 2201 simon.
659 2159 747 2221 reges
776 2143 878 2200 terrae
908 2158 927 2200 a
955 2135 1069 2220 quibus
1088 2135 1252 2221 adcipiunt
1280 2134 1436 2200 tributum
1467 2133 1517 2199 uel

293 2261 434 2304 censum.
458 2238 572 2304 sfiliis
595 2237 659 2304 suis
682 2249 737 2303 aut
758 2238 797 2303 ab
819 2237 939 2302 alienis.
956 2236 983 2274 11
995 2245 1026 2302 01
1037 2237 1091 2303 1110
1103 2237 1194 2302 dixit.
1217 2238 1255 2302 ab
1267 2237 1388 2303 alienis.
1426 2235 1520 2301 Dixit

295 2339 345 2405 illi
366 2340 417 2405 ihs
440 2364 513 2427 ergo
535 2340 626 2406 liberi
655 2349 729 2405 sunt
761 2340 830 2404 filii.
851 2338 879 2378 ²⁸
896 2346 933 2404 ut
965 2349 1069 2404 autem
1102 2362 1166 2404 non
1187 2338 1435 2405 scandalizemus
1466 2361 1519 2404 ecs

293 2443 375 2507 uade
397 2442 437 2508 ad
459 2467 544 2507 marc
567 2452 598 2508 et
621 2443 712 2508 mitte
735 2466 841 2507 amum
864 2450 990 2507 etcum
1013 2441 1131 2527 piscem
1161 2441 1217 2527 qui
1243 2441 1363 2527 primus
1392 2441 1517 2508 ascede-

293 2545 336 2609 rit
356 2568 444 2611 sume
467 2555 499 2611 et
521 2551 627 2631 aperto
650 2569 702 2613 ore
725 2544 793 2610 eius
817 2544 961 2609 inuenies
983 2549 1131 2609 statorem
1154 2543 1244 2608 illum
1271 2544 1383 2610 tullens
1412 2544 1451 2607 da
1474 2541 1520 2607 eis

293 2671 350 2732 pro
373 2671 423 2712 me
446 2654 478 2713 et
499 2661 539 2712 10.

379 2750 457 2815 LII.
480 2753 518 2830 (c.
545 2748 594 2833 18)
626 2748 637 2784 1
668 2749 708 2813 10
731 2749 785 2814 illa
812 2750 888 2813 hora
917 2749 1119 2815 adcesserunt
1148 2747 1294 2833 discipuli
1317 2749 1357 2813 ad
1379 2750 1443 2813 ihm
1473 2747 1518 2812 di·

292 2857 402 2917 centes
424 2852 494 2937 quis
516 2861 607 2937 putas
631 2851 729 2916 maior
751 2858 798 2916 est
820 2851 853 2915 in
884 2871 983 2930 regno
1018 2851 1151 2916 caelurd.
1187 2849 1199 2886 ²
1232 2851 1277 2915 Et
1309 2851 1360 2916 ihs
1393 2850 1520 2916 uocauit

295 2977 429 3040 puerum
452 2963 483 3018 et
504 2954 616 3020 statuit
638 2977 709 3019 eum
733 2954 765 3017 in
789 2953 893 3018 medio
916 2951 1093 3019 eorum³et
1115 2952 1205 3018 dixit.
1229 2977 1322 3018 amen
1339 2953 1408 3018 dico
1431 2952 1520 3017 uobis

292 3056 358 3121 nisi
381 3057 522 3122 conuersi
545 3055 670 3122 fueritis
693 3063 725 3120 et
752 3053 935 3121 efficiamini
966 3056 1047 3120 sicut
1079 3055 1170 3142 pueri
1201 3079 1263 3120 non
1296 3054 1454 3120 intrabitis
1486 3054 1519 3119 in

294 3182 390 3244 regno
413 3161 577 3224 caelorum.
613 3157 627 3194 ⁴
664 3157 865 3242 Quicumque
910 3180 982 3242 crgo
1016 3157 1234 3223 humiliauerit
1267 3181 1300 3223 se
1331 3157 1413 3223 sicut
1443 3181 1521 3245 puer

293 3261 355 3326 iste
376 3261 429 3326 hic
452 3261 551 3326 maior
574 3269 622 3326 est
654 3262 687 3324 in
721 3283 816 3344 regno
851 3260 1018 3324 caelorum.
1053 3259 1066 3298 ⁵
1096 3261 1140 3324 Et
1173 3260 1230 3346 qui
1263 3259 1422 3346 adceperit
1454 3259 1520 3324 unt'l

292 3386 426 3448 puerum
450 3364 544 3428 talem
567 3364 600 3427 in
623 3362 750 3426 nomine
773 3385 842 3426 mec
866 3385 916 3426 me
939 3361 1064 3448 adcipit.
1096 3361 1109 3399 ⁶
1138 3360 1203 3446 Qui
1231 3367 1337 3427 autem
1368 3360 1520 3428 scandali·

294 3465 415 3530 acuerit
437 3489 534 3529 unum
559 3466 596 3529 de
620 3464 742 3552 pusillis
765 3464 834 3529 istis
857 3464 912 3549 qui
942 3465 977 3529 in
1012 3488 1060 3529 me
1094 3465 1226 3529 credunt
1261 3464 1388 3550 expedit
1420 3464 1451 3528 ei
1486 3472 1523 3528 ut

293 3569 502 3654 suspendetur
525 3568 606 3632 mola
629 3566 764 3632 asinaria
787 3566 821 3630 in
844 3567 923 3631 collo
946 3565 1014 3630 eius
1044 3576 1075 3632 01
1102 3567 1303 3652 demergatur
1331 3566 1364 3631 iu
1392 3564 1519 3651 profun-

295 3669 369 3732 dum
393 3670 495 3737 maris.
523 3669 534 3708 1
556 3671 743 3736 Uaeautem
765 3669 840 3734 huic
864 3669 980 3733 mundo
1002 3692 1021 3732 a
1042 3669 1208 3735 scandalis.
1232 3691 1358 3734 necesse
1374 3675 1422 3733 est
1437 3667 1520 3733 enim

295 3771 404 3836 uenire
427 3772 581 3838 scandala.
604 3781 823 3837 uerumtamen
847 3794 906 3836 uae
929 3770 1050 3836 homini
1073 3771 1121 3835 illi
1143 3794 1199 3856 per
1221 3795 1315 3856 quem
1335 3770 1520 3836 scandalum

292 3873 392 3938 uenit.
406 3871 455 3938 ⁸si
479 3875 561 3958 quod
584 3898 695 3940 manus
717 3883 772 3939 tua
794 3874 846 3938 uel
869 3896 925 3959 pes
946 3879 1020 3937 tuus
1043 3873 1233 3938 scandalizat
1255 3881 1287 3937 te
1308 3873 1433 3938 abscide
1449 3896 1521 3937 eum

291 3987 326 4040 01
348 3976 453 4062 proice
475 3979 529 4042 abs
552 3989 591 4042 10.
616 3979 732 4042 bonum
755 3981 802 4041 est
825 3975 910 4039 anim
932 3975 989 4041 tibi
1012 3975 1045 4038 in
1068 3975 1141 4039 uitis
1168 3975 1277 4040 uenire
1300 3975 1437 4040 debilem
1470 3974 1522 4039 uel

291 4079 418 4144 clodum
443 4084 507 4164 qua
529 4080 606 4144 duos
628 4079 722 4164 pedes
745 4079 797 4142 uel
821 4077 898 4142 duas
920 4100 1034 4142 manus
1055 4077 1225 4168 habentem
1249 4077 1335 4143 mitti
1356 4077 1389 4141 in
1415 4079 1521 4161 ignem

292 4188 466 4247 aeternum.
491 4179 503 4218 ⁹
525 4181 568 4245 Et
591 4181 617 4246 si
639 4182 748 4245 oculus
770 4187 843 4244 tuus
867 4179 1059 4245 scandalizat
1080 4186 1113 4243 te
1141 4204 1214 4244 erue
1246 4203 1319 4244 eum
1352 4188 1384 4243 et
1417 4178 1522 4264 proice

292 4286 347 4349 abs
370 4293 411 4348 10.
435 4285 552 4348 bonum
575 4283 632 4347 tibi
656 4291 703 4348 est
719 4306 817 4347 unum
829 4281 955 4348 oculum
976 4283 1144 4347 habentem
1160 4281 1194 4346 in
1209 4283 1281 4348 uite
1296 4281 1413 4346 intrare
1429 4305 1523 4366 quam

292 4385 372 4452 duos
395 4386 500 4452 oculos
523 4387 659 4450 habenta
682 4384 766 4449 mitti
788 4385 823 4449 in
854 4407 1008 4470 geennam
1042 4383 1133 4468 ignis.
1167 4382 1193 4420 ¹⁰
1226 4383 1343 4449 Uidete
1377 4407 1417 4448 ne
1451 4405 1521 4447 con·

294 4490 465 4574 tcmpnatis
488 4512 586 4553 unum
610 4510 649 4552 ex
670 4487 719 4552 his
747 4487 871 4573 pusillis
900 4485 956 4571 qui
986 4486 1118 4551 credunt
1149 4487 1183 4550 in
1216 4509 1275 4549 me.
1323 4484 1404 4549 Dico
1438 4483 1524 4550 enim

295 4590 385 4658 uobis
408 4592 492 4676 quod
515 4588 620 4676 angeli
642 4612 750 4654 eorum
772 4589 806 4653 in
828 4589 905 4654 celis
928 4611 1051 4674 semper
1073 4588 1184 4654 uident
1205 4585 1319 4652 faciem
1340 4586 1439 4673 patris
1461 4587 1526 4653 mei
