3467 5192
710 245 844 298 lucanum
862 244 901 311 (c.
929 245 965 309 6).
995 213 996 219 l
1413 246 1454 309 71

220 415 508 503 pseudoprophetis
530 420 635 501 patres
669 439 786 482 eorum.
840 413 867 453 ²⁷
919 414 984 482 Sed
1017 414 1108 480 uobis
1139 414 1209 479 dico
1240 415 1296 499 qui
1328 414 1454 480 auditis.

227 519 349 605 diligite
371 518 516 584 inimicos
539 524 660 582 uestros
682 517 859 584 benefacite
886 517 937 582 his
967 517 1023 602 qui
1048 518 1184 583 oderunt
1212 540 1278 582 uos.
1293 515 1456 582 ²⁸benedi·

220 624 291 690 cite
313 621 537 686 maledicentes
560 643 616 684 uos
639 627 671 685 et
692 626 778 684 orate
801 643 856 706 pro
881 619 1146 685 calumniantibus
1169 642 1236 685 uos.
1275 617 1303 656 33
1337 620 1383 685 Et
1402 620 1458 705 qui

222 733 259 790 te
282 722 419 810 percutit
441 722 475 786 in
497 722 659 787 maxillam
682 724 796 808 praebe
819 728 851 786 et
874 723 1016 788 alteram.
1041 729 1072 788 et
1094 745 1167 786 eum
1189 721 1245 806 qui
1260 721 1384 787 auferet
1398 722 1458 787 tibi

227 827 368 894 tunicam
392 825 488 889 etiarn
512 831 543 890 et
565 824 697 910 pallium
719 825 784 890 noli
807 824 982 910 prohibere.
996 823 1024 860 33
1034 823 1122 888 omni
1143 824 1265 910 potenti
1292 830 1324 889 te
1353 823 1457 890 tribue

228 941 260 994 et
282 928 338 1012 qui
360 926 482 992 auferet
504 950 523 991 a
544 933 575 1015 te
599 950 680 1011 quae
707 932 762 992 tua
792 932 866 992 sunt
896 927 961 993 noli
994 926 1170 1013 prohibere.
1215 925 1242 963 33
1287 929 1331 991 nt
1364 932 1458 1013 prout

228 1029 326 1096 uultis
349 1037 385 1095 ut
407 1029 489 1094 facia
512 1029 602 1094 uobis
621 1028 765 1093 homines
787 1029 883 1094 facite
906 1028 971 1094 illis
992 1027 1148 1094 similiter.
1193 1027 1221 1065 33
1263 1029 1308 1094 Et
1339 1029 1366 1094 si
1388 1027 1457 1093 dili-

226 1133 302 1218 gitis
325 1155 377 1197 eos
399 1132 454 1216 qui
478 1156 534 1197 uos
557 1130 694 1216 diligunt
715 1154 797 1217 quae
820 1130 881 1197 erit
902 1130 993 1196 uobis
1016 1130 1119 1215 gratia
1140 1154 1213 1195 nam
1230 1136 1263 1196 et
1276 1137 1457 1216 peccatores

226 1233 365 1318 diligunt
388 1233 555 1318 diligentes
577 1257 619 1300 se.
634 1233 660 1270 33
674 1241 706 1298 et
728 1233 755 1298 si
776 1233 998 1299 benefeceritis
1020 1233 1071 1297 his
1094 1232 1150 1317 qui
1178 1233 1269 1299 uobis
1300 1232 1456 1299 benefaci-

228 1341 286 1400 unt
308 1357 390 1422 quae
412 1336 504 1400 uobis
527 1335 587 1400 erit
608 1335 710 1421 gratia
733 1358 805 1401 cum
828 1342 860 1401 et
882 1341 1061 1420 peccatores
1082 1336 1143 1400 hoc
1169 1334 1297 1400 faciant.
1342 1333 1371 1372 ³⁴
1412 1336 1457 1401 Et
1483 1331 1486 1334 ⁴

226 1438 255 1502 si
277 1445 423 1504 mutuum
446 1437 595 1503 dederitis
619 1439 669 1503 his
692 1463 710 1502 a
733 1437 847 1523 quibus
870 1437 1003 1524 speratis
1025 1437 1163 1524 recipere
1186 1461 1267 1522 quae
1289 1437 1391 1523 gratia
1410 1444 1458 1503 est

228 1539 318 1605 uobis
341 1563 415 1604 narn
439 1547 472 1605 et
492 1549 672 1626 peccatores
694 1539 910 1626 peccatoribus
936 1539 1119 1605 fenerantur
1145 1547 1181 1606 ut
1209 1541 1364 1626 recipiant
1396 1541 1457 1622 [ae-

116 1647 117 1650 ’
221 1641 358 1726 ’(ῃιαίἱε].
410 1641 437 1681 33
491 1644 721 1709 Uerumtamen
755 1649 859 1708 amate
893 1642 1039 1708 inimicos
1061 1649 1183 1708 uestros
1216 1642 1393 1708 benefacite
1427 1649 1460 1708 et

228 1752 376 1808 mutuum
398 1745 471 1810 date
493 1743 574 1809 nihil
606 1745 807 1830 desperantes
841 1750 874 1810 et
907 1744 968 1810 erit
1000 1768 1120 1811 merces
1153 1752 1260 1811 uestra
1293 1745 1394 1810 multa
1426 1751 1459 1810 et

226 1846 317 1911 eritis
338 1847 396 1910 filii
419 1847 565 1913 altissimi
588 1847 663 1932 quia
685 1847 752 1932 ipse
775 1847 931 1932 benignus
954 1853 1003 1914 est
1024 1870 1120 1934 super
1141 1847 1280 1933 ingratos
1303 1853 1335 1914 et
1350 1847 1458 1913 malos.

223 1947 257 1986 33
301 1949 412 2014 Estote
433 1973 506 2034 ergo
529 1949 745 2015 misericordes
768 1949 851 2015 sicut
873 1958 905 2014 et
934 1959 1025 2036 pater
1053 1957 1159 2016 uester
1191 1949 1369 2016 misericors
1402 1956 1459 2015 est.

226 2051 257 2090 33
269 2052 367 2117 nolite
390 2052 529 2116 iudicare
552 2057 584 2116 et
606 2053 644 2116 de
668 2050 757 2117 uobis
779 2076 843 2117 non
865 2051 1057 2118 iudicabitur
1078 2053 1177 2118 nolite
1200 2054 1409 2118 condemnare
1423 2059 1460 2118 ut

229 2179 292 2218 non
315 2153 578 2220 condemnemini.
602 2153 753 2220 dimittite
776 2161 807 2220 et
829 2153 1047 2221 dimittemini.
1061 2152 1172 2220 3⁸date
1194 2161 1227 2220 et
1256 2155 1382 2220 dabitur
1409 2176 1458 2220 uo-

223 2257 277 2321 'bis
299 2272 479 2321 mensuram
501 2259 615 2322 bonam
639 2257 856 2321 conmodatam
879 2256 1054 2321 confersam
1069 2257 1188 2321 dabunt
1202 2257 1458 2343 supereffunden-

229 2358 349 2423 tamin
373 2359 477 2423 sinum
500 2365 651 2424 uestrum.
676 2358 785 2424 eadem
808 2381 988 2422 mensuram
1011 2381 1106 2442 quam
1130 2357 1249 2424 metitis
1274 2359 1420 2425 remetiet
1452 2384 1459 2398 ·

223 2460 327 2526 uobis.
375 2459 402 2498 33
446 2460 583 2526 Dicebat
605 2465 712 2524 cutem
735 2467 767 2525 et
790 2459 1041 2526 similitudinem.
1086 2460 1252 2546 Numquid
1273 2467 1378 2547 potest
1400 2483 1458 2526 cae·

222 2587 285 2628 cus
309 2585 429 2631 caecumv
449 2563 564 2628 ducere
586 2585 691 2627 nonne
714 2564 805 2628 ambo
828 2562 862 2627 in
886 2562 982 2627 foueri
1005 2563 1125 2628 cadent.
1170 2561 1199 2599 ⁴⁰
1241 2564 1315 2629 Non
1338 2568 1386 2628 est
1401 2563 1460 2629 dis·

223 2665 353 2751 cipulus
375 2688 468 2751 super
493 2665 677 2750 magistrum
699 2665 857 2750 perfectus
881 2672 987 2730 autem
1011 2665 1114 2730 omnis
1142 2664 1202 2730 erit
1234 2671 1271 2730 ut
1303 2666 1346 2731 sit
1376 2665 1458 2730 sicut

225 2767 379 2853 ¹magister
401 2767 477 2832 eius.

314 2870 392 2936 XV.
438 2868 464 2906 ‘¹
511 2869 597 2954 Quid
620 2878 726 2934 autem
748 2869 838 2934 uides
857 2868 1015 2934 festucam
1046 2869 1079 2933 in
1113 2869 1240 2935 oculum
1274 2869 1380 2936 fratris
1411 2868 1461 2937 tui

226 2974 351 3038 trabem
374 2977 481 3036 autem
503 2971 620 3056 quain
644 2973 734 3037 oculo
759 2978 812 3036 tuo
835 2977 969 3037 estnon
996 2971 1175 3036 consideras
1186 2970 1214 3008 ⁴²
1226 2972 1381 3056 quomodo
1410 2994 1463 3057 po

230 3083 279 3140 tes
301 3075 404 3140 dicere
427 3073 517 3139 fratri
540 3080 594 3139 tuo
618 3071 715 3138 frater
737 3072 804 3138 sine
827 3072 952 3138 eiiciam
974 3072 1132 3138 festucum
1155 3074 1194 3138 de
1223 3075 1314 3138 oculo
1345 3080 1398 3139 tuo
1430 3080 1463 3140 et

230 3199 303 3242 ecce
325 3176 359 3240 in
382 3177 471 3241 oculo
494 3183 549 3241 tuo
571 3177 675 3241 trabes
698 3176 839 3241 subiacet
862 3175 941 3261 [ipse
963 3173 997 3239 in
1019 3176 1110 3241 oculo
1126 3179 1181 3241 tuo
1195 3177 1318 3242 trabem
1332 3199 1396 3240 non
1412 3175 1459 3240 ui·

224 3279 317 3362 dens]
341 3277 507 3364 hypocrita
529 3277 596 3343 eice
618 3277 757 3364 primum
779 3279 900 3343 trabem
923 3278 962 3343 de
984 3278 1075 3343 oculo
1097 3283 1152 3344 tuo
1178 3283 1211 3343 et
1239 3284 1316 3343 tunc
1346 3277 1462 3364 perspi·

230 3380 294 3446 cies
317 3387 354 3445 ut
376 3381 490 3445 educas
513 3378 666 3446 festucam
690 3380 729 3445 de
752 3379 842 3446 oculo
871 3380 978 3446 fratris
1006 3379 1063 3445 tui.
1114 3377 1142 3416 ⁴³
1195 3381 1270 3446 Non
1299 3387 1347 3446 est
1375 3380 1462 3445 enim

230 3485 325 3548 arbor
346 3484 429 3548 bona
450 3505 531 3568 quae
554 3481 630 3547 facit
652 3481 773 3548 fructus
795 3483 893 3548 malos
916 3505 1020 3567 neque
1042 3483 1134 3548 arbor
1147 3482 1231 3547 mala
1246 3480 1367 3548 faciens
1380 3481 1466 3548 fruc·

226 3591 300 3650 .tum
323 3583 710 3669 bonum.⁴4unaquaeque
733 3586 824 3649 arbor
846 3608 886 3649 ex
908 3582 1011 3650 fruoto
1033 3607 1090 3650 suo
1120 3585 1326 3669 cognoscitur.
1356 3607 1462 3669 neque

230 3687 341 3770 legunt
363 3687 402 3751 de
426 3687 525 3773 spinis
546 3689 625 3752 ficus
647 3711 751 3772 neque
774 3687 813 3751 de
842 3686 920 3751 rubo
948 3684 1147 3751 uindemiant
1179 3710 1285 3751 uuam.
1330 3684 1359 3725 33
1402 3687 1463 3752 Βο-

232 3812 291 3854 nus
312 3790 407 3854 homo
431 3789 469 3852 de
492 3791 573 3855 bono
596 3791 766 3855 thensauro
788 3811 845 3854 suo
869 3787 989 3874 profert
1015 3789 1134 3853 bonum
1168 3794 1200 3854 et
1232 3789 1335 3854 malus
1367 3789 1463 3855 homo

224 3892 271 3956 de
294 3891 377 3956 malo
399 3889 518 3976 profert
539 3893 668 3956 malum.
693 3889 950 3978 exabundantia
973 3888 1058 3957 enim
1080 3890 1182 3956 cordis
1202 3892 1262 3956 hos
1277 3890 1345 3957 eius
1359 3889 1460 3975 loqui·

232 4001 292 4059 tur.
338 3991 366 4031 ⁴⁶
411 3992 498 4077 Quid
520 4000 627 4058 autem
650 3981 770 4058 uocatis
793 4017 844 4058 me
871 3993 944 4057 dme
977 3993 1050 4056 dms
1083 3998 1116 4057 et
1147 4016 1212 4057 non
1244 3993 1348 4060 facitis
1381 4016 1463 4078 quae

231 4095 311 4162 dico.
358 4093 387 4133 ⁴⁷
432 4095 545 4162 Omnis
569 4095 625 4180 qui
646 4095 737 4162 uenit
758 4097 797 4160 ad
820 4119 872 4160 me
895 4101 927 4161 ct
949 4094 1038 4160 audit
1059 4117 1220 4160 sermones
1243 4118 1328 4161 meos
1358 4100 1390 4161 et
1416 4095 1461 4160 fa·

227 4199 277 4264 cit
299 4197 464 4263 ostendam
485 4197 576 4264 uobis
600 4198 652 4264 cui
674 4196 788 4263 similis
811 4204 858 4264 est
869 4195 898 4234 ⁴⁸
909 4195 1026 4262 similis
1055 4203 1103 4262 est
1129 4195 1253 4262 homini
1282 4196 1464 4264 aedificanti

231 4300 361 4365 domum
384 4300 439 4385 qui
461 4299 541 4366 fodit
562 4299 596 4364 in
619 4301 719 4366 altum
741 4305 774 4364 et
795 4298 905 4386 posuit
925 4297 1133 4364 fundamenta
1154 4322 1249 4385 supra
1263 4305 1355 4385 petra
1369 4299 1475 4383 inum,

227 4401 361 4467 datione
384 4408 490 4467 autem
513 4401 597 4467 facta
618 4401 736 4468 inlicet'
749 4401 866 4467 flumen
890 4400 999 4465 domui
1020 4400 1069 4465 illi
1098 4406 1131 4466 et
1159 4424 1223 4466 non
1254 4400 1361 4486 potuit
1393 4425 1464 4467 eam

232 4526 363 4569 mouere
380 4503 496 4570 fidata
518 4504 602 4568 enim
630 4509 698 4570 erat
730 4525 825 4589 super
856 4508 987 4589 petram.
1032 4500 1061 4539 ⁴⁹
1103 4503 1190 4569 Nam
1222 4501 1278 4588 qui
1311 4501 1400 4568 audit
1432 4508 1465 4569 et

229 4629 298 4670 non
320 4604 397 4670 facit
418 4604 533 4673 similis
556 4611 603 4671 est
625 4605 747 4670 homini
773 4604 953 4670 aedificanti
982 4605 1078 4670 domu
1105 4628 1196 4671 suam
1224 4627 1318 4692 super
1347 4611 1466 4671 terram
