3467 5192
703 234 841 284 matteum
860 233 896 298 (c.
920 234 973 290 18).
1407 237 1444 296 11

220 399 277 486 qui
299 399 332 465 iu
355 400 449 466 caelis
472 412 527 468 est.
553 400 579 437 ¹¹
603 401 701 468 Ueuit
723 400 809 466 euim
830 400 915 466 filius
936 400 1074 466 hominis
1095 402 1218 467 saluare
1240 403 1324 487 quod
1345 403 1444 489 perie-

222 510 279 569 rat.
304 501 330 540 ¹²
353 501 438 587 Quid
461 502 550 569 uobis
572 503 708 569 uidetur.
739 507 766 568 si
788 503 908 569 fuerint
925 503 1021 568 alicui
1037 504 1157 570 homini
1181 510 1306 571 centum
1323 528 1398 570 oues
1415 516 1448 570 et

220 606 376 670 errauerit
396 626 463 670 una
485 630 525 670 ex
547 605 597 670 his
620 629 725 671 noune
747 605 904 692 relinquet
927 606 1099 690 nonaginta
1122 614 1153 672 et
1175 613 1257 672 noue
1277 606 1309 672 in
1332 605 1445 672 monti·

220 708 279 773 bus
302 714 335 775 et
355 707 445 774 uadit
466 731 617 794 quaerere
639 731 709 772 eam
732 732 813 794 quae
836 707 963 774 errauit.
978 706 1004 745 ¹⁸
1016 716 1049 772 et
1070 708 1097 773 si
1121 709 1288 795 contigerit
1309 716 1345 775 ut
1362 708 1447 774 inue-

220 808 289 875 niat
311 833 390 877 eam.
437 811 541 876 Amen
565 811 633 876 dico
657 810 746 876 uobis
769 810 852 896 quod
874 810 1023 896 gaudebit
1039 809 1072 874 in
1095 835 1163 876 eam
1185 811 1285 896 magis
1306 835 1401 898 quam
1412 811 1446 876 in

220 911 393 997 nonaginta
409 919 441 978 et
462 918 545 978 noue
567 936 629 998 que
651 937 714 978 uon
736 922 931 978 errauerunt.
956 911 983 948 ¹⁴
1004 912 1059 979 Sic
1073 937 1136 979 nou
1151 922 1199 980 est
1212 915 1359 980 uoluntas
1375 922 1447 980 ante

219 1021 342 1100 patrem
365 1021 505 1080 uestrum
529 1014 640 1101 quiin
663 1015 758 1081 caelis
781 1023 829 1080 est
852 1021 888 1080 ut
910 1022 1018 1102 pereat
1039 1039 1122 1081 uuus
1144 1040 1185 1080 ex
1216 1015 1339 1103 pusillis
1366 1015 1444 1082 istis.

306 1116 402 1185 LIII.
428 1115 455 1153 ¹⁵
477 1116 570 1202 Quod
592 1116 619 1184 si
641 1117 818 1204 peccauerit
847 1116 880 1182 in
903 1125 934 1183 te
968 1117 1064 1183 frater
1097 1127 1179 1185 tuus.
1214 1119 1295 1183 uade
1326 1118 1446 1206 corripe

219 1242 294 1284 eum
315 1220 399 1286 iuter
421 1227 453 1286 te
475 1225 507 1286 et
528 1217 635 1306 ipsum
659 1220 767 1285 solum.
793 1219 821 1285 si
841 1227 875 1286 te
906 1219 1041 1286 audierit
1070 1220 1208 1286 lucratus
1227 1220 1288 1287 eris
1316 1219 1443 1287 fratrem

219 1329 321 1388 tuum.
340 1319 405 1388 ¹⁶si
427 1328 532 1388 autem
555 1346 619 1388 non
641 1330 672 1387 te
694 1321 831 1388 audierit
852 1322 967 1388 adhibe
988 1330 1094 1389 tecum
1116 1347 1217 1388 unum
1243 1324 1297 1389 uel
1312 1323 1389 1389 duos
1411 1332 1447 1388 ut

219 1422 254 1488 iu
276 1446 330 1489 ore
355 1423 489 1489 duorum
511 1425 561 1491 uel
586 1423 683 1490 trium
706 1425 834 1490 testium
857 1431 919 1491 stet
941 1448 1034 1490 omne
1057 1425 1189 1491 uerbum
1203 1425 1325 1526 1⁷quod
1340 1427 1366 1492 si
1382 1449 1445 1491 non

219 1525 357 1592 audierit
382 1525 443 1608 [dic
466 1527 616 1594 ecclesiae
646 1527 673 1592 si
701 1533 808 1592 autem
842 1526 1006 1594 ecclesiam
1039 1551 1103 1593 non
1139 1527 1275 1593 audierit
1306 1528 1356 1611 sit]
1388 1527 1446 1593 tibi

220 1629 302 1695 sicut
320 1629 466 1696 ethnicus
478 1634 510 1694 et
525 1629 720 1716 publicanus.
755 1628 781 1667 ¹⁸
815 1632 922 1694 Amen
949 1629 1018 1695 dico
1033 1629 1123 1694 uobis
1144 1652 1361 1716 quaecumque
1376 1628 1444 1694 alli·

219 1731 371 1818 gaueritis
395 1754 488 1818 super
502 1738 617 1797 terram
631 1739 723 1797 erunt
734 1731 832 1818 ligata
843 1740 874 1798 et
886 1732 919 1797 in
936 1733 1001 1798 celo
1020 1739 1052 1798 et
1072 1755 1269 1818 quecumque
1289 1731 1446 1799 solueritie

218 1857 315 1921 super
336 1839 423 1926 terra
445 1841 536 1900 erunt
557 1835 660 1900 soluta
682 1840 713 1900 et
735 1834 768 1899 in
797 1834 893 1900 caelo.
929 1833 956 1872 ¹⁹
978 1836 1098 1901 Iterum
1120 1834 1189 1902 dico
1212 1835 1302 1900 uobis
1324 1834 1351 1900 si
1373 1834 1445 1899 duo·

219 1938 278 2002 bus
300 1936 484 2002 conuenerit
506 1961 546 2001 ex
568 1937 659 2002 uobis
681 1960 774 2023 supra
798 1946 913 2002 terram
937 1937 976 2000 de
1005 1937 1090 2003 omni
1115 1961 1149 2002 re
1171 1959 1370 2022 quacumque
1391 1960 1444 2024 pe·

218 2039 331 2104 tierint
352 2041 407 2104 fiet
429 2038 494 2103 illis
517 2062 534 2103 a
557 2044 645 2125 patre
669 2063 738 2106 meo
761 2038 815 2125 qui
839 2039 872 2103 iu
896 2039 991 2105 caelis
1009 2049 1056 2105 est
1076 2038 1103 2076 ²⁰
1123 2039 1178 2104 ubi
1194 2040 1277 2104 enim
1293 2039 1356 2103 duo
1372 2047 1446 2103 suut

220 2141 275 2206 uel
297 2155 361 2207 tres
384 2141 563 2227 congregati
586 2141 619 2205 in
648 2141 776 2207 nomine
798 2165 868 2207 meo
895 2141 940 2207 ibi
967 2165 1036 2208 sum
1062 2141 1096 2206 in
1130 2142 1232 2208 medio
1265 2165 1382 2207 eorum.
1419 2138 1445 2177 ²¹

218 2245 311 2310 Tunc
345 2243 523 2326 adcedeluls
557 2244 597 2308 ad
629 2268 699 2310 eum
730 2253 837 2331 petrus
867 2244 949 2309 dixit
973 2244 1011 2310 ei.
1036 2245 1127 2309 dome
1153 2244 1178 2309 si
1212 2243 1390 2331 peccauerit
1411 2243 1444 2307 in

219 2370 269 2411 me
299 2345 397 2410 frater
423 2370 512 2412 meus
535 2345 679 2432 quotiens
705 2346 864 2412 remittam
892 2346 923 2411 ei
951 2369 1051 2432 usque
1076 2346 1200 2433 septies.
1234 2344 1262 2382 ²²
1295 2345 1384 2411 Dicit
1415 2345 1444 2410 ei

218 2448 270 2511 ihs
292 2472 353 2513 nou
378 2448 447 2513 dico
470 2447 528 2514 tibi
552 2453 620 2533 usq*
644 2448 759 2535 septies
782 2450 836 2514 sed
858 2449 927 2534 usq‘
950 2449 1130 2544 septuagies
1151 2446 1275 2534 septies.

304 2550 393 2616 LIV.
427 2547 453 2587 ²³
485 2551 563 2616 Ideo
588 2551 691 2617 simile
713 2557 761 2616 est
782 2551 910 2616 habitus
931 2551 1032 2636 regnu
1055 2552 1212 2616 caelorum
1234 2550 1355 2615 homiui
1377 2549 1445 2635 regi

217 2652 273 2738 qui
296 2652 396 2718 uoluit
419 2653 573 2718 rationem
597 2677 711 2740 ponere
735 2663 773 2719 cu
796 2654 897 2719 seruis
918 2652 993 2719 suis.
1006 2652 1033 2690 ²⁴
1044 2665 1077 2718 et
1099 2677 1169 2719 cum
1193 2653 1327 2738 cepisset
1349 2652 1443 2717 ratio·

217 2779 291 2820 nem
312 2779 428 2841 ponere
451 2779 522 2820 oum
551 2755 651 2821 seruis
678 2755 743 2821 suis
772 2757 895 2821 oblatus
925 2765 972 2821 est
999 2756 1085 2821 enim
1120 2777 1201 2820 unus
1231 2755 1285 2840 qui
1312 2755 1445 2820 debebat

217 2858 294 2923 dece
317 2857 417 2923 millia
440 2859 567 2924 talenta.
582 2857 608 2896 ²⁵
621 2881 691 2922 cum
715 2865 820 2923 autem
844 2882 907 2923 nou
930 2859 1060 2923 haberet
1082 2857 1166 2923 unde
1183 2857 1328 2922 redderet
1353 2856 1444 2923 iussit

216 2984 290 3026 eum
324 2961 413 3026 doma
447 2961 517 3025 eius
550 2960 727 3026 uenundari
757 2967 789 3026 et
822 2984 955 3026 uxorem
989 2961 1057 3026 eius
1089 2967 1121 3026 et
1157 2959 1237 3024 filios
1270 2968 1302 3024 et
1337 2959 1444 3024 omnia

216 3085 299 3147 quae
321 3063 456 3128 habebat
478 3069 509 3128 ot
531 3062 619 3128 reddi
650 3062 800 3128 debitum.
837 3061 863 3100 ²⁶
897 3062 1070 3128 Procidens
1104 3073 1210 3149 autem
1244 3085 1353 3126 seruus
1390 3061 1444 3126 ille

216 3167 327 3231 orabat
348 3188 420 3230 oum
443 3165 560 3230 dicens.
585 3165 656 3230 dure
678 3164 833 3251 patientia
853 3167 934 3231 habe
959 3165 1012 3248 [iu]
1039 3189 1089 3229 me
1120 3178 1151 3230 et
1180 3163 1287 3229 omnia
1315 3163 1443 3228 reddam

221 3265 310 3351 [tibil.
325 3266 351 3306 ²⁷
364 3267 511 3333 misertus
533 3276 640 3333 autem
662 3268 732 3332 dms
756 3267 840 3332 serui
862 3267 948 3332 illius
975 3277 1007 3332 et
1035 3267 1157 3332 remisit
1189 3265 1218 3330 ei
1248 3275 1279 3330 et
1302 3265 1445 3332 debitum

166 3387 167 3391 ’
217 3369 339 3436 remisit
361 3369 400 3436 ei.
425 3367 452 3407 ²⁸
473 3371 629 3454 Egressus
652 3376 758 3435 autem
780 3393 891 3435 seruus
913 3369 968 3436 ille
990 3369 1116 3434 inuenit
1138 3392 1236 3434 unum
1259 3392 1298 3433 ex
1326 3392 1445 3434 conser-

218 3470 268 3538 uis
291 3472 346 3558 qui
369 3473 502 3537 debebat
523 3470 553 3536 ei
576 3477 702 3537 centum
726 3471 879 3537 denarios
909 3480 941 3536 et
971 3485 1082 3537 tenens
1104 3471 1280 3536 'suffocabat
1297 3494 1369 3534 eum
1398 3470 1442 3535 di·

216 3597 291 3640 ceus
313 3573 408 3639 redde
432 3573 515 3660 quod
537 3573 634 3640 debis.
648 3572 675 3611 ²⁹
688 3581 720 3638 et
741 3573 907 3660 procidens
929 3596 1099 3639 conseruus
1116 3572 1186 3638 eius
1214 3574 1342 3657 rogabat
1371 3597 1442 3636 eum

217 3675 333 3742 diceus.
358 3675 514 3762 patientia
534 3676 616 3742 habe
642 3675 676 3740 in
703 3700 754 3742 me
782 3682 815 3740 et
843 3675 969 3758 [omnia]
993 3676 1101 3741 redam
1121 3675 1188 3741 tibi.
1208 3672 1236 3711 ⁸⁰
1252 3673 1308 3740 ille
1337 3685 1443 3739 autem

217 3778 320 3844 noluit
342 3778 396 3844 sed
419 3777 497 3843 abiit
519 3784 550 3844 et
574 3777 661 3844 misit
683 3802 755 3842 eum
777 3778 811 3842 in
835 3800 990 3843 carcerem
1015 3778 1114 3842 donec
1131 3777 1275 3842 redderet
1290 3776 1441 3841 debitum.

218 3879 245 3918 ³¹
270 3881 422 3946 Uidentos
444 3889 550 3946 autem
580 3879 723 3947 conserui
753 3879 821 3946 eius
851 3903 931 3964 quae
959 3881 1077 3944 fiebant
1107 3877 1283 3945 contristati
1317 3890 1444 3944 suntet

216 3991 374 4049 uenerunt
396 3991 428 4048 et
450 3991 659 4048 narrauerunt
681 3982 807 4048 domino
830 4005 887 4048 suo
915 3982 1022 4046 omnia
1055 4004 1137 4066 quae
1166 3980 1249 4045 facta
1282 3988 1381 4044 erant.
1416 3979 1443 4017 ³²

217 4086 308 4151 Tunc
330 4085 458 4150 uocauit
479 4084 570 4150 illum
594 4085 662 4150 dr'rls
684 4084 753 4149 eius
776 4094 808 4149 et
830 4084 876 4148 ait
903 4083 960 4151 illi.
991 4105 1082 4149 serue
1102 4093 1208 4167 nequa
1236 4106 1328 4148 omne
1357 4082 1441 4148 debi-

216 4193 284 4252 tum
307 4185 414 4253 remisi
437 4186 496 4253 tibi
518 4211 598 4273 quae
621 4185 737 4271 rogasti
752 4211 802 4251 me
816 4184 917 4251 ³³non
941 4208 1013 4270 ergo
1037 4184 1175 4271 oportuit
1193 4196 1224 4250 te
1248 4207 1373 4269 quoque
1388 4183 1442 4248 mi-

217 4289 313 4354 sereri
335 4310 486 4356 conseruo
501 4298 556 4355 tuo
578 4288 660 4354 sicut
682 4302 714 4353 et
736 4312 793 4372 ego
816 4287 864 4353 tui
880 4288 1027 4353 misertus
1042 4311 1120 4353 sum.
1146 4284 1174 4323 ³⁴
1201 4287 1246 4351 Et
1268 4287 1366 4350 iratus
1389 4285 1441 4349 do·

215 4389 320 4456 miuus
342 4391 410 4456 eius
432 4390 562 4458 tradidit
584 4415 656 4457 eum
679 4390 849 4456 tortoribus
873 4390 1078 4476 quoadusque
1097 4388 1242 4454 redderet
1257 4387 1439 4453 uniuersum

215 4491 366 4558 debitum.
379 4491 462 4560 ³⁶sio
485 4499 517 4560 et
538 4492 628 4558 uobis
650 4492 745 4558 faciet
775 4500 864 4579 pater
891 4515 980 4557 meus
1004 4491 1059 4577 qui
1093 4491 1126 4557 iu
1150 4490 1235 4557 calis
1260 4498 1308 4555 est
1329 4488 1356 4554 si
1378 4510 1441 4553 non

214 4593 401 4662 remiseritis
424 4594 640 4680 unusquisque
662 4595 752 4661 fratri
775 4618 831 4660 suo
854 4595 893 4660 de
916 4594 1059 4660 cordibus
1081 4592 1203 4658 uestris.
