3467 5192
700 269 831 320 lucanum
847 268 882 333 (0.
899 269 955 332 23).
1400 270 1443 334 99

217 443 358 508 diceutes
380 445 546 506 conmouet
568 444 718 525 populum
742 439 857 504 docens
879 437 913 502 in
936 438 1086 503 uniuersa
1108 439 1222 504 iudaea
1249 438 1402 526 incipiens
1424 463 1444 503 a

217 545 350 631 galilaea
372 565 472 627 usque
494 543 566 608 huc.
613 541 625 580 1
668 541 793 607 Pilatus
816 548 921 606 autem
945 541 1076 606 audiens
1098 541 1244 626 galileam
1271 543 1441 629 interroga·

218 648 267 712 uit
288 646 314 712 si
337 669 355 710 a
376 644 490 729 galilea
511 645 606 708 homo
629 651 719 708 esset.
767 642 778 680 1
821 643 866 708 Elt
887 651 924 708 ut
946 643 1027 727 quod
1052 644 1200 728 cognouit
1222 645 1305 730 quod
1327 646 1365 711 de
1387 648 1442 710 he-

218 747 301 814 rodis
324 753 509 834 potestatem
532 753 580 811 est
601 745 724 811 remisit
746 745 837 810 illum
861 745 900 809 ad
931 747 1079 810 herodem
1115 746 1190 830 quia
1223 747 1444 833 hierosolymis

219 859 286 916 erat
307 849 370 914 illis
393 849 512 914 diebus.
559 847 572 886 ⁸
614 848 753 914 Herodis
780 856 886 914 autem
917 848 985 913 uiso
1017 849 1074 912 11111
1106 850 1235 933 gauisus
1268 856 1316 915 est
1350 851 1443 914 ualde

219 949 392 1017 eratenim
415 950 545 1038 cupiens
568 951 658 1016 illum
682 951 790 1016 uidere
813 975 853 1016 ex
876 952 975 1016 multo
997 959 1146 1037 tempore.
1198 953 1247 1017 Eo
1275 953 1358 1038 quod
1387 940 1442 1017 au·

219 1054 299 1119 diret
321 1055 421 1119 multa
443 1053 482 1118 de
504 1053 559 1119 illo
582 1067 614 1118 et
636 1055 781 1140 sperabat
803 1053 928 1139 signum
951 1052 1080 1140 aliquod
1102 1054 1211 1119 uidere
1235 1055 1274 1119 ab
1299 1078 1337 1119 eo
1364 1054 1443 1120 fieri.

179 1203 181 1208 -
219 1157 232 1194 1
274 1156 493 1240 Interrogabat
516 1162 621 1222 autem
644 1155 736 1221 illum
759 1156 870 1222 multis
892 1155 1099 1221 sermonibus.
1123 1157 1163 1221 ad
1185 1157 1253 1242 ipse
1281 1155 1364 1221 nihil
1397 1157 1444 1220 illi

117 1284 119 1288 ·
219 1258 433 1344 respondebat.
480 1256 508 1294 11
552 1257 686 1325 Stabant
709 1263 814 1324 autem
834 1257 1007 1344 principis(
1011 1261 1033 1338 1)
1053 1259 1247 1324 sacerdotum
1271 1267 1303 1323 et
1325 1259 1445 1324 scribae

219 1367 399 1427 constanter
422 1369 608 1427 accusantes
631 1362 681 1426 011.
727 1361 752 1398 11
799 1361 928 1448 Spreuit
953 1369 1059 1426 autem
1086 1361 1177 1425 illum
1209 1362 1339 1426 herodes
1372 1385 1444 1425 cum

219 1463 410 1529 exercitibus
432 1463 497 1528 suis
520 1469 552 1528 et
574 1463 686 1529 inlusit
705 1469 735 1528 01
757 1464 904 1528 indutum
926 1463 984 1527 11111
1008 1470 1127 1529 uestem
1144 1464 1245 1528 albam
1265 1463 1387 1529 remisit
1405 1464 1448 1528 ad'

218 1565 360 1653 pilatum.
376 1564 490 1630 11111110
513 1565 606 1631 amici
629 1565 705 1632 facti
729 1571 803 1632 sunt
824 1566 956 1631 herodes
980 1571 1012 1631 et
1040 1566 1157 1651 pilatus
1185 1565 1254 1651 ipsa
1287 1565 1338 1631 die
1370 1589 1444 1630 nam

220 1676 293 1739 ante
314 1666 437 1732 inimici
468 1666 598 1732 fuerunt
631 1669 669 1733 ad
704 1667 852 1734 inuicem.
900 1667 926 1704 11
971 1667 1093 1733 Pilatus
1126 1674 1231 1732 autem
1266 1669 1445 1734 conuocatis

218 1769 412 1858 principibus
435 1770 630 1836 sacerdotum
654 1775 685 1836 et
708 1770 883 1836 senioribus
904 1769 1006 1858 plehis
1020 1769 1047 1809 11
1057 1769 1139 1836 dixit
1161 1771 1200 1835 ad
1233 1770 1303 1836 illos
1330 1771 1444 1836 01111111-

219 1877 273 1939 stis
295 1874 381 1938 huno
402 1872 563 1938 hominem
587 1872 675 1937 mihi.
722 1873 823 1959 Quasi
845 1879 1041 1939 auertentem
1063 1873 1214 1959 populum
1238 1884 1269 1938 01
1293 1897 1446 1967 0000080

220 1998 322 2042 eoram
345 1975 435 2040 uobis
457 1974 655 2060 interrogans
677 1977 798 2040 nullam
815 1999 942 2040 causam
958 1975 1087 2040 inuenio
1104 1975 1137 2039 in
1155 1974 1315 2041 hominem
1327 1977 1363 2057 (l)
1384 1976 1446 2041 isto

220 2103 259 2144 ex
280 2077 330 2142 his
353 2078 391 2142 de
413 2078 528 2162 quihus
551 2077 707 2144 adcusatis
731 2101 814 2143 eum.
828 2077 855 2118 11
866 2079 920 2144 sed
940 2101 1044 2163 neque
1067 2079 1220 2160 erodesll)
1242 2101 1316 2142 nam
1338 2077 1447 2143 remisi

219 2204 275 2247 uos
299 2181 336 2245 ad
360 2179 459 2244 illum.
505 2180 589 2245 Ecce
612 2179 694 2244 nihil
717 2180 848 2265 dignum
871 2188 971 2246 morte
993 2181 1065 2244 00111
1088 2188 1136 2245 est
1158 2179 1216 2244 illi.
1262 2179 1289 2218 ¹⁶
1331 2181 1446 2245 Emen-

219 2284 295 2348 110111
319 2305 392 2368 ergo
414 2281 506 2347 illum
529 2281 697 2348 dimittam.
744 2282 770 2321 11
813 2283 952 2348 Necesse
981 2288 1084 2347 autem
1119 2283 1254 2375 habehat
1286 2281 1446 2349 dimittere

220 2386 265 2451 eis
286 2408 343 2472 per
365 2383 446 2450 diem
471 2383 587 2450 festum
610 2408 720 2449 unum.
766 2383 793 2422 11
835 2384 1039 2452 Exclamauit
1061 2390 1166 2450 autem
1186 2384 1281 2450 simul
1295 2386 1448 2451 uniuersa

220 2488 310 2553 turba
332 2487 439 2552 dicens
461 2487 538 2552 tollo
560 2488 646 2552 huno
669 2495 701 2552 et
723 2487 848 2552 dimitte
871 2486 962 2552 nobis
982 2487 1160 2552 barabbam.
1210 2485 1236 2524 11
1287 2487 1351 2571 Qui
1378 2496 1447 2554 erat

219 2595 346 2678 propter
368 2589 554 2655 seditionem
578 2590 746 2676 quamdam
770 2589 884 2655 factam
912 2591 945 2653 in
980 2588 1142 2655 cirritatem
1176 2597 1207 2654 et
1239 2589 1445 2656 homicidium

221 2692 334 2759 missus
356 2692 389 2756 in
414 2715 581 2758 carcerem.
628 2691 655 2729 11
697 2692 820 2758 Iterum
844 2697 950 2757 autem
973 2692 1090 2784 pilatus
1111 2693 1236 2757 loeutus
1258 2699 1306 2758 est
1321 2695 1360 2758 ad
1375 2693 1447 2760 illos

221 2797 330 2862 uolens
353 2794 512 2861 dimittere
535 2796 612 2858 ihm.
659 2793 684 2830 11
729 2796 782 2860 Ad
805 2794 853 2860 illi
876 2795 1112 2860 subclamabant
1135 2793 1273 2860 dicentes
1301 2799 1446 2880 crucifige

221 2899 320 2963 illum.
367 2896 393 2934 11
436 2897 498 2962 Ille
521 2905 627 2963 autem
649 2898 743 2963 tertio
766 2897 850 2963 dixit
873 2897 912 2962 ad
933 2896 1005 2962 illos
1035 2897 1111 2982 quid
1144 2896 1229 2960 enim
1263 2897 1338 2962 mali
1370 2898 1448 2964 fecit

221 3002 290 3068 iste.
334 3001 463 3066 Nullam
487 3004 582 3064 causa
605 3000 713 3065 mortis
736 2999 865 3066 inuenio
889 3000 922 3063 in
945 2999 1000 3065 illo
1023 2999 1189 3085 corripiam
1212 3023 1286 3084 ergo
1308 3000 1399 3065 illum
1414 3007 1448 3066 et
1544 3062 1546 3065 .

221 3103 388 3170 dimittam.
435 3101 461 3139 11
505 3102 558 3166 Ad
588 3102 636 3166 1111
669 3102 829 3186 instabant
862 3101 995 3167 uocibus
1027 3101 1151 3186 magnis
1182 3103 1377 3187 postulantes
1410 3109 1447 3168 ut

222 3205 456 3286 crucifigeretur
478 3213 510 3270 et
532 3205 767 3270 inualescebant
789 3227 884 3270 uoces
906 3228 1023 3270 eornm.
1070 3202 1098 3241 11
1139 3204 1184 3269 111
1211 3204 1327 3290 pilatus
1356 3204 1443 3269 adiu·

221 3309 338 3375 dicabit
359 3307 427 3373 fieri
449 3306 635 3394 petitionem
657 3307 806 3393 ipsorum.
820 3306 847 3346 11
858 3305 979 3372 dimisit
1000 3315 1107 3372 autem
1122 3305 1186 3371 illis
1201 3330 1274 3371 eum
1289 3306 1343 3394 qui
1357 3331 1447 3396 prop-

221 3421 269 3480 ter
290 3410 497 3478 homicidium
519 3416 552 3476 et
573 3409 760 3474 seditionem
782 3411 897 3475 missus
918 3408 1022 3475 fuerat
1044 3409 1077 3473 in
1099 3431 1254 3474 carcerem
1280 3409 1347 3474 ihm
1369 3434 1446 3476 uero

221 3515 352 3580 tradidit
373 3512 530 3579 uoluntati
553 3535 669 3577 eorum.
716 3511 932 3597 Susceperunt
958 3534 1031 3596 ergo
1061 3511 1127 3576 ihm
1161 3520 1193 3577 et
1225 3520 1352 3597 portans
1386 3513 1446 3578 sibi

223 3626 345 3683 crucem
368 3616 547 3681 ducebatur.

308 3718 505 3786 LXXVIII.
552 3717 578 3755 11
620 3717 665 3781 111
698 3741 769 3782 oum
803 3717 954 3782 ducerent
986 3739 1059 3781 eum
1092 3715 1244 3782 simonem
1279 3719 1445 3802 quemdam

224 3843 427 3908 cyrenensem
449 3819 633 3886 uenientem
655 3820 694 3884 de
716 3819 828 3884 uillam
850 3819 1126 3905 adprehenderunt
1152 3842 1236 3887 eum.
1278 3821 1324 3884 Et
1356 3820 1446 3907 inpo-

223 3929 354 3990 suerunt
375 3922 423 3987 illi
452 3943 576 3988 cmcem
605 3937 729 4008 portare
762 3929 832 4008 post
865 3922 940 3986 ihm.
956 3920 983 3959 11
995 3923 1184 4005 sequebatur
1217 3927 1323 3987 autem
1355 3922 1445 3988 illum

223 4025 393 4091 multitudo
415 4025 524 4111 populi
546 4033 578 4090 01
600 4024 769 4090 mulierum
792 4047 873 4110 quae
894 4025 1064 4110 plangebat
1093 4031 1125 4088 et
1150 4024 1375 4090 lamentabant.
1421 4024 1449 4063 11

225 4129 404 4194 Conuersus
427 4134 533 4193 autem
558 4127 597 4191 ad
619 4127 690 4192 illas
713 4126 764 4190 ihs
787 4125 878 4192 dixit.
902 4125 986 4192 filiae
1012 4125 1142 4192 istrahel
1170 4126 1268 4192 nolite
1289 4127 1364 4194 flere
1396 4151 1449 4192 me

225 4232 279 4298 sed
299 4253 356 4296 uos
379 4228 462 4316 ipsas
491 4230 564 4296 11010
595 4235 627 4296 01
660 4229 741 4294 filios
774 4238 905 4294 uestros.
950 4227 979 4265 11
1022 4228 1180 4313 Quoniam
1214 4253 1285 4295 0000
1317 4231 1450 4296 uenient

130 4375 132 4378 -
225 4333 291 4399 dies
313 4333 346 4397 in
370 4332 483 4418 quihus
506 4332 612 4397 dicent
634 4332 744 4396 heatae
766 4331 889 4396 sterelis
912 4338 943 4396 et
964 4338 1092 4396 uentres
1114 4353 1176 4415 que
1193 4354 1257 4397 non
1271 4341 1449 4418 genuerunt

225 4445 257 4502 et
289 4437 386 4500 ubera
417 4457 498 4520 quae
530 4455 594 4498 non
627 4434 816 4498 nutrierunt.
830 4431 946 4498 11111110
978 4432 1118 4518 incipere
1151 4433 1258 4501 dicent
1290 4436 1449 4502 montibus

226 4538 326 4604 cadite
349 4560 442 4624 super
463 4559 520 4602 nos
543 4547 574 4602 et
596 4534 726 4601 collibus
749 4534 870 4621 operite
891 4556 957 4600 nos.
972 4533 998 4571 11
1008 4534 1083 4620 quia
1104 4534 1132 4600 si
1154 4535 1188 4598 in
1209 4536 1340 4602 humido
1361 4539 1448 4624 ligno

225 4641 303 4706 haec
324 4640 444 4706 faciunt
465 4638 500 4704 in
522 4637 608 4703 arido
624 4636 699 4722 quid
713 4639 776 4703 fiet.
823 4635 850 4672 11
893 4637 1100 4701 Ducehantur
1113 4644 1220 4702 autem
1235 4639 1297 4704 duo
1311 4640 1449 4708 latrones

1264 4741 1294 4793 7·
