3467 5192
303 272 344 335 62
730 271 764 335 (c.
786 271 813 336 1)
834 272 1015 337 euangelium
1041 288 1097 324 sec.

302 440 403 505 filium
428 449 459 506 et
481 441 533 507 hic
555 439 673 506 mensis
695 444 743 504 θεῖ
765 446 873 506 sextus
902 440 950 505 illi
979 464 1057 526 quae
1084 442 1255 506 uocabatur
1281 437 1444 506 εῖθεθῙίεῧἵ
1457 439 1533 525 quia

303 566 365 607 non
400 551 447 608 est
479 541 675 628 impossibile
707 545 747 606 db
776 567 870 608 omne
902 544 1046 608 uerbum.
1092 541 1120 580 ³⁸
1163 542 1259 608 Dixit
1291 550 1396 607 autem
1431 543 1531 607 maria

304 669 375 711 ecce
398 645 513 710 ancilla
536 644 589 708 diri
615 645 777 730 contingat
800 645 879 711 mihi
907 646 1081 711 secundum
1109 647 1241 710 uerbum
1271 651 1371 709 tuum.
1404 652 1437 709 et
1469 644 1534 708 dis·

304 746 397 813 cessit
420 749 458 811 ab
481 747 536 811 illa
559 749 698 831 angelus.
745 745 773 785 ³⁹
817 749 988 832 Exurgens
1012 757 1118 814 autem
1142 752 1240 812 maria
1263 747 1296 811 in
1326 747 1437 811 diebus
1468 746 1534 812 illie

303 848 382 915 abiit
403 849 436 913 in
460 856 609 915 montana
632 873 703 915 cum
726 849 962 915 festinationem
986 849 1020 914 in
1044 848 1206 915 ciuitatem
1229 850 1368 914 iudaeae.
1386 847 1416 886 ⁴⁰
1430 857 1462 914 et
1483 849 1531 913 in·

303 952 414 1018 troiuit
435 953 470 1016 in
492 953 620 1017 domum
643 953 802 1018 zaccariae
826 959 858 1017 et
880 952 1029 1018 salutabit
1058 952 1221 1018 elisabeth.
1266 949 1293 988 ⁴¹
1336 952 1381 1016 Εῖ
1413 951 1533 1016 factum

304 1061 352 1121 est
373 1061 410 1120 ut
432 1054 557 1121 audiuit
579 1055 799 1120 salutationem
823 1055 940 1120 mariae
970 1053 1124 1120 elisabeth
1160 1052 1329 1136 [exultauit
1360 1052 1465 1118 infans
1480 1109 1482 1114 ,
1498 1053 1533 1118 in

302 1162 392 1221 utero
415 1156 483 1222 eius
510 1165 542 1222 et
565 1158 686 1243 repleta
708 1165 755 1222 θεῖ
785 1157 845 1243 spir
872 1161 925 1222 scd
958 1158 1123 1240 elisabeth]
1137 1154 1208 1222 Ηθῖ
1235 1155 1428 1221 exclamauit
1454 1179 1535 1221 uoce

303 1283 416 1345 magna
440 1265 472 1324 θῖ
494 1259 600 1326 dicens
624 1259 788 1325 benedicta
810 1265 846 1324 tu
869 1261 953 1324 inter
975 1260 1124 1325 mulieres
1147 1267 1179 1324 et
1200 1259 1384 1324 benedictus
1412 1257 1537 1323 fructus
1578 1293 1585 1298 ·

303 1362 424 1428 uentris
446 1361 503 1426 tui.
514 1360 542 1398 ⁴³
554 1372 587 1427 et
607 1362 692 1426 unde
713 1363 774 1427 hoc
796 1361 877 1427 mihi
898 1370 935 1427 ut
958 1362 1066 1427 ueniat
1088 1367 1190 1426 mater
1218 1360 1285 1426 dr'r'ri
1313 1361 1347 1424 di
1375 1361 1458 1442 [mei]
1494 1360 1533 1426 ad

302 1488 362 1529 me.
378 1463 489 1530 4⁴ecce
502 1465 587 1529 enim
610 1471 647 1529 ut
668 1464 751 1530 lacta
774 1472 821 1530 θεῖ
843 1488 907 1529 uox
930 1464 1130 1529 salutationis
1152 1472 1226 1529 tuae
1249 1463 1282 1528 in
1304 1462 1432 1528 auribus
1454 1462 1535 1527 meis

291 1566 459 1633 exultabit
481 1567 515 1632 in
537 1567 652 1652 gaudio
678 1567 783 1632 infans
806 1568 840 1632 in
870 1574 960 1632 utero
995 1565 1149 1633 meo⁴⁵et
1174 1565 1259 1631 beati
1287 1565 1343 1650 qui
1371 1563 1544 1631 credidisti

303 1669 452 1754 quoniam
474 1669 677 1755 perficientur
699 1669 805 1734 omnia
831 1692 893 1754 que
922 1669 1007 1734 dicta
1041 1676 1117 1734 sunt
1147 1668 1206 1734 tibi
1239 1691 1257 1732 a
1290 1666 1456 1732 dffio.⁴⁶et
1488 1665 1534 1732 ait

305 1771 413 1836 maria.
439 1771 621 1856 magnificat
643 1772 781 1836 animam
805 1796 908 1838 meam
933 1772 1004 1836 dom
1016 1771 1044 1810 ⁴⁷
1056 1778 1088 1837 et
1113 1770 1271 1837 exultauit
1292 1776 1345 1856 sps
1378 1792 1468 1834 meus
1500 1769 1535 1832 in

305 1875 344 1938 de
377 1874 507 1938 salutari
540 1897 618 1938 meo.
632 1873 661 1910 ⁴⁸
680 1874 755 1959 quia
788 1876 929 1961 respexit
959 1874 1172 1940 humilitatem
1206 1873 1320 1938 ancille
1353 1894 1430 1936 suae
1461 1895 1536 1936 ecce

304 1976 390 2040 enim
413 2001 453 2040 ex
476 1977 535 2042 hoc
557 1978 679 2041 beatam
704 1976 778 2062 (m)e
802 1977 909 2042 dicens
936 1999 1045 2042 omnes
1066 1976 1295 2061 generationes.
1308 1972 1337 2011 ⁴⁹
1355 1974 1430 2060 quia
1458 1973 1533 2060 fecit

304 2077 383 2144 mihi
406 2101 520 2162 magna
544 2078 598 2161 qui
621 2087 732 2164 potens
755 2087 802 2144 est
825 2090 858 2144 et
879 2086 1021 2146 sanctum
1048 2103 1163 2143 nomen
1187 2079 1264 2143 eius.
1278 2076 1307 2116 ⁵⁰
1317 2084 1349 2142 et
1364 2075 1536 2141 misericor·

306 2182 390 2246 diam
403 2184 437 2261 (1)
461 2182 530 2246 eius
552 2181 585 2246 in
609 2181 789 2268 progeniem
805 2189 836 2246 θῖ
847 2182 1029 2268 progeniem
1043 2180 1230 2247 timentibus
1246 2203 1328 2246 eum.
1373 2178 1400 2217 ⁵¹
1443 2177 1539 2244 Fecit

302 2283 476 2370 potentiam
499 2283 533 2348 in
556 2283 683 2349 brachio
707 2308 763 2350 suo
787 2283 935 2370 dispersit
957 2285 1108 2369 superbos
1132 2289 1238 2347 mente
1262 2282 1362 2348 cordis
1384 2282 1532 2367 ipsorum.

303 2386 330 2426 ⁶²
341 2385 485 2472 deposuit
507 2395 652 2471 potentes
676 2387 714 2450 de
737 2386 811 2451 sede
834 2393 866 2451 et
889 2386 1044 2451 exultauit
1073 2384 1221 2450 humiles.
1236 2384 1263 2423 ⁵³
1275 2385 1450 2449 esurientes
1478 2383 1538 2447 im·

303 2489 405 2576 pleuit
425 2489 515 2554 bonis
538 2496 570 2553 et
596 2489 712 2554 diuites
741 2489 863 2554 dimisit
893 2489 1013 2553 inanes.
1027 2487 1206 2574 Msuscepit
1237 2487 1368 2552 istrahel
1399 2508 1533 2572 puerum

303 2615 396 2657 suum
419 2591 587 2666 memorari
612 2591 843 2656 misericordiae
875 2591 971 2673 [suae]
986 2589 1107 2656 56εἱθιιῖ
1135 2590 1259 2655 locutus
1287 2598 1335 2654 est
1361 2589 1401 2654 ad
1430 2599 1534 2675 patres

303 2701 424 2759 nostros
447 2695 595 2758 abraham
619 2703 651 2758 et
673 2693 788 2758 semini
810 2693 878 2758 eius
900 2693 934 2758 in
957 2693 1072 2758 secula.
1118 2691 1146 2731 ⁵⁶
1192 2693 1311 2756 Mansit
1340 2699 1444 2756 autem
1469 2715 1533 2754 ma·

302 2795 350 2861 ria
373 2820 443 2861 cum
467 2794 522 2859 illa
545 2797 707 2860 mensibus
730 2797 830 2861 tribus
853 2802 886 2860 et
907 2818 1035 2860 reuersa
1062 2803 1109 2860 est
1139 2795 1172 2859 in
1206 2795 1333 2860 domum
1362 2817 1461 2858 suam.
1507 2791 1537 2830 ⁵⁷

302 2898 470 2964 Elisabeth
491 2903 597 2963 autem
620 2897 776 2984 inpletum
799 2903 846 2963 est
868 2907 995 2985 tempus
1020 2897 1168 2984 pariendi
1201 2904 1234 2962 et
1266 2896 1390 2983 peperit
1422 2896 1535 2960 filium.

303 2999 331 3040 ⁵⁸
342 3007 374 3066 et
396 3001 564 3066 audierunt
586 3000 685 3066 uicini
708 3009 739 3066 et
762 3001 887 3086 cognati
909 3000 978 3065 eius
1001 2999 1313 3086 quiamagnificauit
1328 3000 1397 3064 dr'r‘rs
1413 2997 1533 3063 miseri·

303 3103 439 3170 cordiam
464 3127 551 3169 suam
576 3127 647 3168 cum
670 3104 725 3168 illa
748 3109 779 3169 et
808 3103 1088 3188 congratulabatur
1115 3103 1153 3168 ei.
1167 3100 1195 3140 ⁵⁹
1204 3112 1236 3167 et
1268 3101 1388 3167 factum
1422 3114 1467 3166 θεῖ
1501 3099 1536 3163 in

303 3207 354 3272 die
376 3211 487 3272 octauo
510 3213 545 3272 ut
567 3207 714 3271 uenirent
736 3213 768 3272 et
791 3205 1016 3271 circumcidere
1038 3228 1171 3290 puerum
1195 3209 1227 3269 et
1249 3210 1446 3268 uocauerunt
1461 3227 1535 3268 eum

303 3310 336 3374 in
359 3309 487 3374 nomine
510 3309 607 3395 patris
630 3308 698 3372 eius
721 3309 908 3374 zachariam.
960 3306 987 3344 ⁶⁰
1035 3308 1081 3371 Et
1109 3307 1301 3393 respondens
1334 3314 1436 3370 mater
1466 3305 1538 3370 eius

303 3410 393 3476 dixit.
418 3434 481 3475 non
505 3411 558 3476 sed
581 3410 747 3476 uocabitur
769 3410 930 3474 iohannes.
978 3408 1001 3447 ⁶¹
1040 3411 1084 3474 Et
1106 3410 1256 3474 dixerunt
1277 3409 1317 3473 ad
1339 3409 1426 3473 iham
1441 3431 1539 3473 nemo

303 3519 351 3578 θεῖ
376 3513 420 3594 [in
443 3514 628 3598 cognatione
651 3510 714 3597 tua]
740 3511 795 3598 qui
818 3516 950 3578 uocetur
965 3513 1027 3579 hoc
1041 3511 1178 3577 nomine.
1193 3511 1221 3551 ⁸²
1232 3511 1413 3576 adnuebant
1426 3521 1535 3576 autem

303 3615 386 3702 patri
409 3616 477 3680 eius
500 3639 593 3701 quem
617 3615 716 3680 uellet
738 3615 845 3681 uocari
869 3639 951 3680 eum.
998 3612 1025 3654 ⁶³
1068 3616 1113 3680 Et
1142 3613 1267 3701 adcepit
1299 3613 1469 3700 pugillares
1502 3618 1536 3678 et

305 3717 431 3803 scripsit
454 3718 569 3783 dicens.
594 3717 747 3783 iohannes
770 3723 818 3782 est
839 3741 955 3782 nomen
977 3717 1054 3783 eius.
1079 3723 1111 3782 et
1141 3716 1248 3782 mirati
1269 3723 1344 3782 sunt
1375 3739 1493 3781 omnes.
1507 3713 1538 3754 “

304 3831 336 3887 et
358 3821 507 3886 continuo
530 3819 669 3885 resoluta
691 3827 739 3884 est
759 3820 871 3904 lingua
893 3820 971 3885 eius.
1016 3820 1060 3885 Et
1082 3826 1226 3906 apertum
1253 3827 1301 3883 θεῖ
1334 3841 1368 3883 οε
1401 3818 1470 3884 eius
1501 3824 1536 3884 θῖ

302 3926 489 4008 loquebatur
511 3922 697 3987 benedicens
721 3923 783 3988 d1'1‘1.
830 3920 856 3961 ⁶⁵
900 3924 944 3987 Et
965 3921 1066 3988 factus
1097 3928 1145 3987 θεῖ
1172 3921 1267 3986 timor
1298 3943 1394 4007 super
1425 3943 1533 3985 omnes

302 4027 426 4092 uicinos
449 4049 555 4091 eorum
580 4033 612 4089 et
632 4047 726 4110 super
741 4024 848 4089 omnia
862 4032 1013 4090 montana
1028 4024 1160 4089 iudaeae
1176 4024 1422 4108 diuulgabantur
1436 4023 1533 4088 uerba

303 4131 382 4194 haec
404 4127 509 4193 omnia
522 4126 549 4165 ⁶⁶
560 4133 592 4192 et
613 4134 786 4212 posuerunt
808 4151 916 4192 omnes
940 4127 995 4212 qui
1024 4125 1171 4191 audiebat
1197 4125 1304 4190 omnia
1332 4125 1428 4190 uerba
1455 4126 1535 4189 haec

303 4233 336 4299 in
360 4232 451 4297 corde
474 4253 530 4295 suc
552 4229 691 4294 dicentes
713 4229 790 4317 quid
814 4230 925 4314 utique
948 4231 1009 4293 erit
1031 4252 1109 4315 puer
1132 4229 1192 4294 iste
1215 4227 1331 4292 etenim
1348 4251 1461 4292 manus
1477 4226 1533 4291 dni

306 4357 377 4400 cum
411 4333 475 4397 illo.
503 4319 550 4370 '⁶⁷
592 4333 637 4398 Et
671 4332 831 4398 zacharias
865 4340 955 4418 pater
988 4329 1057 4395 eius
1086 4331 1225 4416 repletus
1256 4336 1305 4395 θεῖ
1332 4329 1391 4416 spir
1416 4334 1469 4394 scd
1502 4336 1539 4394 θῖ

303 4435 507 4523 prophetauit
529 4435 645 4500 dicens.
658 4433 880 4500 68ῖῖθιῖθάἰθῖεε
902 4434 940 4498 ds
963 4433 1093 4498 istrahel
1121 4432 1196 4518 quia
1224 4430 1370 4497 uisitauit
1403 4439 1436 4496 et
1458 4429 1538 4496 fecit

303 4537 550 4624 redemptionem
572 4539 672 4624 plebis
686 4561 761 4602 suae
775 4535 802 4574 ⁶⁹
814 4543 846 4601 et
858 4535 960 4601 erexit
971 4558 1101 4600 comum
1112 4539 1149 4612 (l)
1163 4534 1273 4601 salutis
1286 4533 1376 4599 nobis
1392 4533 1426 4598 in
1441 4534 1537 4598 domo

303 4640 398 4706 dauid
421 4640 511 4727 pueri
534 4640 592 4705 sui.
608 4638 728 4705 7οεὶθεῖ
748 4640 873 4705 locutus
898 4647 945 4704 θεῖ
966 4661 1022 4724 per
1044 4661 1078 4703 os
1101 4645 1280 4704 sanctorum
1308 4637 1534 4722 prophetarum
