3467 5192
683 280 816 333 lucanum
839 280 874 345 (c.
900 282 938 343 7).
1385 282 1402 344 7
1406 283 1428 346 3

198 448 238 513 de
260 447 429 513 iohannem
459 448 564 514 dicere
597 451 636 514 ad
668 451 784 515 turbas.
830 448 917 535 Quid
951 447 1063 515 existis
1096 451 1130 514 in
1164 450 1286 517 deserto
1318 451 1427 517 uidere

198 549 386 615 arundinem
408 557 504 616 uento
528 550 649 617 moueri
661 550 754 618 330011
777 551 853 637 quid
876 550 987 616 existis
1009 551 1118 617 uidere
1140 552 1300 618 hominem
1324 554 1425 619 molli·

197 651 257 717 bus
268 651 467 717 uestimentis
480 652 636 719 indutum.
660 677 733 718 ecce
751 654 855 739 quiin
877 659 968 718 ueste
989 652 1126 739 pretiosa
1147 661 1222 720 sunt
1243 661 1275 720 et
1299 655 1333 720 in
1352 655 1427 721 deli·

198 752 257 818 ciis
280 756 563 838 superabunda(n)t
584 753 618 821 in
641 756 786 821 domibus
809 779 919 840 regum
940 762 1023 821 sunt.
1037 754 1064 793 33
1075 756 1129 821 sed
1152 757 1230 840 quid
1251 757 1361 822 existis
1377 758 1425 822 ui·

198 856 272 920 dere
294 857 479 943 prophetam
504 859 626 943 [utique
648 857 718 924 dico
750 858 840 923 uobis
871 864 902 924 et
929 858 1097 944 plusquam
1124 860 1320 945 prophetam]
1335 858 1427 925 331110

197 964 246 1023 est
268 959 307 1023 de
330 982 392 1043 quo
415 960 637 1046 scriptumest
660 984 731 1026 ecce
760 961 851 1026 mitto
886 965 1030 1044 angelum
1066 984 1171 1025 meum
1205 968 1278 1026 ante
1311 961 1425 1027 faciam

197 1068 285 1125 tuam
308 1060 363 1146 qui
384 1063 574 1147 praeparabit
596 1062 681 1126 uiam
705 1070 791 1128 tuam
815 1071 890 1127 ante
915 1077 957 1128 te.
1003 1060 1030 1099 33
1082 1063 1163 1128 Dico
1185 1070 1303 1127 autem.
1324 1063 1423 1129 uobis.

197 1162 297 1226 maior
318 1162 403 1227 inter
424 1170 516 1229 natos
538 1163 708 1228 mulierum
730 1164 868 1229 iohanne
894 1163 1032 1250 baptista
1059 1189 1153 1230 nemo
1185 1173 1232 1230 est
1262 1190 1336 1230 nam
1369 1165 1426 1249 qui

197 1263 300 1328 minor
323 1270 371 1330 est
393 1265 426 1329 in
448 1289 545 1350 regno
567 1266 599 1330 di
622 1265 723 1331 maior
745 1273 793 1331 est
815 1267 878 1331 illc.
925 1265 952 1303 33
996 1267 1040 1330 Et
1066 1267 1169 1332 omnis
1202 1268 1336 1354 populns
1369 1290 1423 1330 au·

197 1365 287 1430 diens
309 1375 341 1431 et
362 1367 524 1453 publicani
546 1367 798 1434 iustificaueruut
820 1370 873 1433 dm
895 1369 1046 1454 baptizati
1061 1370 1251 1456 baptismum
1269 1369 1423 1434 iohannis.

197 1467 226 1506 33
268 1469 433 1534 Pharisaei
456 1479 561 1535 autem
577 1479 610 1534 et
623 1471 702 1556 legis
716 1471 811 1556 periti
828 1471 995 1536 consilium
1012 1472 1045 1536 di
1060 1477 1248 1557 spreuerunt
1262 1472 1296 1536 in
1311 1494 1345 1537 se
1360 1494 1423 1537 non

196 1570 348 1655 baptizati
371 1573 409 1636 ab
432 1595 478 1636 eo.
524 1571 550 1610 33
595 1572 656 1638 Oui
680 1596 753 1658 ergo
775 1572 895 1638 similes
918 1574 1019 1638 dicam
1041 1574 1187 1639 homines
1213 1571 1426 1658 generationis

200 1671 313 1758 [huius]
338 1681 368 1739 et
393 1674 443 1738 cui
465 1674 584 1739 similes
608 1682 655 1740 est
667 1673 694 1711 33
706 1675 824 1739 similes
848 1682 923 1740 sunt
943 1675 1052 1761 pueris
1081 1676 1262 1741 sedentibus
1294 1676 1328 1741 in
1357 1675 1425 1740 foro

196 1781 229 1839 et
249 1776 453 1859 loquentibus
475 1777 514 1840 ad
536 1777 674 1841 inuicem
698 1783 729 1841 et
752 1777 902 1842 dicentes.
927 1777 1124 1842 cantauimus
1146 1778 1236 1842 uobis
1259 1777 1424 1843 01116001-

196 1877 295 1942 tastis.
341 1878 605 1944 Lamentauimus
626 1879 716 1944 uobis
740 1884 772 1944 et
795 1884 836 1943 nb
859 1879 1013 1965 plorastis.
1061 1878 1087 1916 33
1130 1880 1232 1945 Uenit
1265 1878 1350 1944 enim
1384 1879 1427 1944 io·

196 1980 319 2044 hannes
339 1980 477 2066 baptista
497 2004 601 2065 neque
630 1981 822 2047 manducans
854 1983 987 2066 [panem]
1018 2006 1122 2067 neque
1151 1982 1262 2046 bibens
1289 1982 1427 2061 [uinum]

198 2088 230 2148 et
251 2081 364 2148 dicitis.
389 2081 579 2147 daemonium
602 2083 706 2148 habet.
752 2082 781 2121 33
824 2083 924 2149 Uenit
955 2084 1040 2148 filius
1063 2083 1199 2148 hominis
1233 2085 1427 2150 manducans

197 2190 228 2250 et
249 2185 361 2249 bibens
384 2193 416 2249 et
437 2184 552 2250 dicitis.
578 2209 649 2251 ecoe
671 2187 765 2250 homo
788 2186 957 2251 decorator
983 2192 1014 2251 01
1033 2186 1142 2250 bibens
1169 2187 1278 2250 uinum
1306 2186 1427 2251 amicus

195 2287 434 2373 publicanorum
458 2293 490 2351 et
511 2292 710 2372 peccatorum
723 2285 751 2324 33
762 2296 794 2353 01
816 2287 986 2353 iustificata
1008 2295 1056 2352 est
1077 2287 1234 2374 sapientia
1259 2289 1297 2352 ab
1328 2288 1426 2352 omni-

195 2390 254 2456 bus
275 2389 350 2454 filiis
373 2389 445 2453 suis.

281 2491 383 2556 XIX.
429 2490 457 2530 33
501 2491 640 2576 Rogauit
661 2498 768 2557 autem
790 2491 880 2556 illum
898 2491 1025 2577 quidam
1039 2491 1224 2577 pharisaeus
1240 2501 1276 2556 ut
1293 2491 1425 2555 mandu-

196 2601 282 2659 caret
304 2593 343 2658 cd
367 2593 431 2658 illo.
455 2601 487 2659 et
507 2593 668 2678 ingressus
691 2594 725 2659 in
753 2595 881 2659 domum
911 2593 1069 2680 pharisaei
1097 2593 1265 2659 discubuit.
1312 2592 1338 2631 33
1381 2593 1427 2659 Et

196 2718 267 2762 ecce
289 2695 404 2761 mulier
426 2719 497 2780 quae
520 2703 587 2761 erat
609 2696 643 2761 in
665 2696 827 2762 ciuitatem
851 2695 1012 2782 peccatrix
1033 2706 1069 2759 ut
1091 2696 1240 2781 cognouit
1269 2695 1353 2779 quod
1374 2720 1424 2762 ac-

196 2797 357 2863 cubuisset
378 2798 412 2862 in
435 2799 528 2864 domo
550 2798 710 2884 pharisaei
733 2799 841 2864 attulit
864 2799 1054 2863 alabastrum
1077 2798 1231 2883 unguenti
1243 2796 1270 2834 33
1282 2805 1315 2862 et
1339 2806 1427 2864 stans

195 2907 277 2966 retro
300 2922 389 2965 secus
411 2901 507 2986 pedes
530 2902 597 2966 eius
619 2899 757 2966 lacrimis
786 2900 909 2986 rigabat
938 2901 1034 2985 pedes
1065 2901 1133 2964 eius
1160 2905 1193 2964 et
1225 2899 1347 2986 capillis
1375 2922 1423 2964 oa·

194 3001 270 3087 pitis
292 3000 342 3066 sui
363 3003 505 3088 tergebat
528 3012 559 3068 et
581 3003 781 3068 osculabatur
802 3003 898 3088 pedes
921 3002 989 3067 eius
1021 3009 1054 3066 et
1084 3003 1222 3085 ungebat
1252 3007 1424 3085 unguento.

195 3101 223 3140 33
267 3104 389 3169 Uidens
411 3111 517 3169 autem
539 3105 722 3190 pharisaeus
745 3105 800 3189 qui
823 3113 994 3170 uocauerat
1016 3128 1089 3169 eum
1117 3104 1163 3168 ait
1198 3103 1282 3168 intra
1314 3126 1348 3167 se
1382 3104 1425 3167 di·

195 3227 268 3269 cens
290 3205 343 3271 hio
365 3205 391 3271 si
414 3212 496 3272 esset
517 3206 640 3291 profeta
662 3206 757 3272 sciret
779 3206 892 3291 utiquc
915 3229 977 3292 qua
1000 3213 1033 3271 at
1060 3207 1161 3290 qualis
1195 3205 1310 3270 mulier
1342 3228 1425 3292 quaa

194 3307 297 3391 tangit
319 3330 392 3372 eum
415 3308 490 3394 quia
512 3308 672 3394 peccatrix
695 3322 752 3374 est.
797 3307 826 3347 33
870 3310 914 3375 Et
934 3307 1098 3396 respondit
1113 3308 1165 3372 ihs
1181 3307 1264 3374 dixit
1278 3307 1317 3372 ad
1333 3307 1424 3372 illum

194 3409 297 3475 simon
318 3410 419 3475 habeo
442 3411 499 3476 tibi
523 3410 643 3495 aliquid
666 3411 780 3478 dicere.
805 3412 844 3476 ad
866 3412 921 3477 ille
944 3411 1027 3477 dixit
1050 3410 1199 3496 magister
1220 3410 1280 3476 dic.
1316 3410 1360 3474 Et
1381 3409 1427 3473 ait

194 3510 295 3576 ⁴1duo
329 3512 485 3578 debitores
516 3521 606 3579 erant
639 3512 764 3578 cuidam
797 3514 968 3581 feneratori
1001 3537 1084 3579 unus
1118 3513 1252 3578 debebat
1282 3511 1426 3577 denarios

195 3613 383 3698 quingentos
406 3623 439 3681 et
460 3615 541 3681 alius
564 3615 804 3702 quinquaginta.
818 3615 922 3682 3311011
944 3615 1136 3681 habentibus
1158 3614 1223 3680 illis
1244 3614 1328 3678 unde
1358 3611 1425 3678 red·

194 3715 330 3796 dere(n)t
352 3717 483 3782 donauit
503 3717 645 3802 utrisque
673 3742 781 3782 eorum
816 3717 887 3803 quis
924 3741 997 3803 ergo
1031 3741 1104 3782 eum
1139 3717 1210 3804 plus
1242 3716 1352 3800 diligit.
1397 3711 1425 3750 33

194 3817 401 3903 Respondeas
418 3818 520 3886 simon
538 3820 630 3885 dixit.
654 3819 802 3885 existimo
825 3819 901 3905 quia
923 3819 951 3886 is
974 3819 1027 3884 oui
1048 3821 1121 3906 plus
1137 3818 1277 3884 donauit.
1307 3817 1346 3882 ad
1370 3816 1427 3880 ihs

197 3919 279 3984 dixit
302 3920 341 3986 ei.
365 3929 449 3989 recte
471 3921 628 3988 iudicasti.
641 3921 669 3959 ⁴⁴
682 3929 714 3987 et
736 3944 907 3988 conuersus
936 3923 975 3987 ad
1008 3921 1173 3987 mulierem
1196 3919 1280 3985 dixit
1311 3919 1426 3984 simoni

193 4015 283 4088 uides
306 4024 389 4088 hanc
410 4023 544 4089 muliere
565 4023 684 4089 intraui
706 4023 741 4088 111
763 4025 892 4089 domum
923 4030 1011 4088 tuam
1038 4045 1153 4109 aquam
1184 4021 1317 4108 pedibus
1346 4021 1426 4085 mihi

193 4150 256 4191 non
279 4126 393 4192 dedisti
417 4127 495 4192 haec
516 4134 622 4192 autem
650 4124 790 4192 lacrimis
812 4125 879 4191 suis
900 4126 996 4212 pedes
1018 4148 1105 4191 meos
1127 4125 1245 4209 rigauit
1275 4130 1307 4188 et
1333 4123 1427 4208 capil-

192 4227 232 4294 lis
254 4229 320 4294 suis
342 4228 443 4294 tersit.
487 4226 516 4266 ⁴²⁵
558 4228 714 4296 Osculum
737 4228 818 4293 mihi
840 4252 904 4294 non
927 4227 1040 4292 dedisti
1062 4229 1141 4291 haec
1164 4234 1269 4290 autem
1301 4249 1341 4289 ex
1364 4247 1427 4309 quo

192 4329 325 4396 intrauit
346 4354 410 4396 non
434 4331 568 4397 cessauit
590 4329 725 4397 osculari
747 4331 843 4416 pedes
865 4353 960 4397 meos.
973 4329 1084 4394 330100
1109 4330 1214 4413 [caput
1229 4331 1347 4404 meum]
1362 4349 1426 4390 non

193 4432 314 4498 unxisti
336 4433 432 4519 pedes
454 4455 550 4498 meos.
596 4434 687 4498 Haec
717 4438 824 4498 autem
852 4438 1015 4517 unguento
1050 4431 1143 4495 unxit
1178 4429 1283 4516 [pedes
1316 4432 1425 4506 meost

192 4532 221 4573 33
264 4537 399 4622 Propter
421 4535 504 4620 quod
527 4534 597 4599 dico
620 4535 710 4600 uobis
732 4534 863 4600 remissa
886 4542 962 4600 sunt
983 4533 1032 4599 illi
1057 4534 1210 4620 [peccata]
1237 4533 1336 4595 multa
1350 4553 1423 4615 quo·

194 4636 279 4703 niam
302 4637 415 4704 dilexit
436 4638 581 4703 multum.
607 4636 658 4704 cui
689 4644 797 4703 autem
829 4637 935 4703 minus
969 4635 1141 4710 dimittitur
1172 4634 1279 4700 minus
1312 4632 1428 4717 diligit·
