<?xml version="1.0" encoding="UTF-8"?>
<!DOCTYPE html PUBLIC "-//W3C//DTD XHTML 1.0 Transitional//EN"
    "http://www.w3.org/TR/xhtml1/DTD/xhtml1-transitional.dtd">
<html xmlns="http://www.w3.org/1999/xhtml" xml:lang="en" lang="en">
 <head>
  <title>
</title>
<meta http-equiv="Content-Type" content="text/html;charset=utf-8" />
  <meta name='ocr-system' content='tesseract 3.04.00' />
  <meta name='ocr-capabilities' content='ocr_page ocr_carea ocr_par ocr_line ocrx_word'/>
</head>
<body>
  <div class='ocr_page' id='page_1' title='image "./codexfcorbeiens00unkngoog_0107.png"; bbox 0 0 3467 5192; ppageno 0'>
   <div class='ocr_carea' id='block_1_1' title="bbox 705 266 1459 330">
    <p class='ocr_par' dir='ltr' id='par_1_1' title="bbox 705 266 1459 330">
     <span class='ocr_line' id='line_1_1' title="bbox 705 266 1459 330; baseline -0.001 -14"><span class='ocrx_word' id='word_1_1' title='bbox 705 266 837 318; x_wconf 81' lang='lat' dir='ltr'><strong>lucanum</strong></span> <span class='ocrx_word' id='word_1_2' title='bbox 851 266 887 330; x_wconf 90' lang='lat' dir='ltr'><strong>(c.</strong></span> <span class='ocrx_word' id='word_1_3' title='bbox 907 267 962 330; x_wconf 86' lang='lat'>20).</span> <span class='ocrx_word' id='word_1_4' title='bbox 1413 266 1459 327; x_wconf 72' lang='lat'><strong>95</strong></span> 
     </span>
    </p>
   </div>
   <div class='ocr_carea' id='block_1_2' title="bbox 190 433 1460 4721">
    <p class='ocr_par' dir='ltr' id='par_1_2' title="bbox 223 433 1460 1136">
     <span class='ocr_line' id='line_1_2' title="bbox 226 433 1453 522; baseline -0.002 -21"><span class='ocrx_word' id='word_1_5' title='bbox 226 445 259 503; x_wconf 90' lang='lat' dir='ltr'><strong>ct</strong></span> <span class='ocrx_word' id='word_1_6' title='bbox 281 437 434 503; x_wconf 90' lang='lat' dir='ltr'><strong>deuorant</strong></span> <span class='ocrx_word' id='word_1_7' title='bbox 455 460 552 522; x_wconf 89' lang='lat' dir='ltr'><strong>panes</strong></span> <span class='ocrx_word' id='word_1_8' title='bbox 575 436 752 500; x_wconf 90' lang='lat' dir='ltr'><strong>uiduarum.</strong></span> <span class='ocrx_word' id='word_1_9' title='bbox 777 436 811 501; x_wconf 93' lang='lat' dir='ltr'><strong>hi</strong></span> <span class='ocrx_word' id='word_1_10' title='bbox 838 435 995 522; x_wconf 74' lang='lat' dir='ltr'><strong>accipient</strong></span> <span class='ocrx_word' id='word_1_11' title='bbox 1027 434 1260 499; x_wconf 79' lang='lat' dir='ltr'><strong>damnationem</strong></span> <span class='ocrx_word' id='word_1_12' title='bbox 1293 433 1453 499; x_wconf 86' lang='lat' dir='ltr'><strong>maiorem.</strong></span> 
     </span>
     <span class='ocr_line' id='line_1_3' title="bbox 225 536 1459 624; baseline -0.004 -19"><span class='ocrx_word' id='word_1_13' title='bbox 225 542 263 619; x_wconf 88' lang='lat' dir='ltr'><strong>(c.</strong></span> <span class='ocrx_word' id='word_1_14' title='bbox 288 540 343 621; x_wconf 80' lang='lat'><strong>21)</strong></span> <span class='ocrx_word' id='word_1_15' title='bbox 387 538 398 574; x_wconf 88' lang='lat'>¹</span> <span class='ocrx_word' id='word_1_16' title='bbox 443 537 633 624; x_wconf 81' lang='lat' dir='ltr'><strong>Respiciens</strong></span> <span class='ocrx_word' id='word_1_17' title='bbox 655 543 762 603; x_wconf 90' lang='lat' dir='ltr'><strong>autem</strong></span> <span class='ocrx_word' id='word_1_18' title='bbox 785 538 836 602; x_wconf 83' lang='lat' dir='ltr'><strong>ihs</strong></span> <span class='ocrx_word' id='word_1_19' title='bbox 859 538 942 602; x_wconf 92' lang='lat' dir='ltr'><strong>uidit</strong></span> <span class='ocrx_word' id='word_1_20' title='bbox 965 560 1018 602; x_wconf 88' lang='lat' dir='ltr'><strong>eos</strong></span> <span class='ocrx_word' id='word_1_21' title='bbox 1041 536 1097 622; x_wconf 93' lang='lat' dir='ltr'><strong>qui</strong></span> <span class='ocrx_word' id='word_1_22' title='bbox 1126 536 1295 602; x_wconf 76' lang='lat' dir='ltr'><strong>mittebant</strong></span> <span class='ocrx_word' id='word_1_23' title='bbox 1323 559 1459 600; x_wconf 89' lang='lat' dir='ltr'><strong>munera</strong></span> 
     </span>
     <span class='ocr_line' id='line_1_4' title="bbox 225 638 1453 727; baseline -0.005 -20"><span class='ocrx_word' id='word_1_24' title='bbox 225 664 282 707; x_wconf 87' lang='lat' dir='ltr'><strong>sua</strong></span> <span class='ocrx_word' id='word_1_25' title='bbox 304 641 337 706; x_wconf 92' lang='lat' dir='ltr'><strong>in</strong></span> <span class='ocrx_word' id='word_1_26' title='bbox 359 642 620 727; x_wconf 82' lang='lat' dir='ltr'><strong>gazophylacium</strong></span> <span class='ocrx_word' id='word_1_27' title='bbox 643 639 768 705; x_wconf 90' lang='lat' dir='ltr'><strong>diuites.</strong></span> <span class='ocrx_word' id='word_1_28' title='bbox 815 639 827 677; x_wconf 74' lang='lat'><strong>²</strong></span> <span class='ocrx_word' id='word_1_29' title='bbox 877 640 978 705; x_wconf 90' lang='lat' dir='ltr'><strong>Uidet</strong></span> <span class='ocrx_word' id='word_1_30' title='bbox 1010 645 1116 705; x_wconf 89' lang='lat' dir='ltr'><strong>autern</strong></span> <span class='ocrx_word' id='word_1_31' title='bbox 1150 645 1183 703; x_wconf 95' lang='lat' dir='ltr'><strong>et</strong></span> <span class='ocrx_word' id='word_1_32' title='bbox 1215 638 1373 723; x_wconf 90' lang='lat' dir='ltr'><strong>quandam</strong></span> <span class='ocrx_word' id='word_1_33' title='bbox 1406 638 1453 702; x_wconf 92' lang='lat' dir='ltr'><strong>ui·</strong></span> 
     </span>
     <span class='ocr_line' id='line_1_5' title="bbox 224 738 1460 830; baseline -0.002 -21"><span class='ocrx_word' id='word_1_34' title='bbox 224 744 318 809; x_wconf 91' lang='lat' dir='ltr'><strong>duam</strong></span> <span class='ocrx_word' id='word_1_35' title='bbox 352 744 574 830; x_wconf 84' lang='lat' dir='ltr'><strong>pauperculam</strong></span> <span class='ocrx_word' id='word_1_36' title='bbox 609 742 788 808; x_wconf 87' lang='lat' dir='ltr'><strong>mittentem</strong></span> <span class='ocrx_word' id='word_1_37' title='bbox 823 766 897 807; x_wconf 86' lang='lat' dir='ltr'><strong>aera</strong></span> <span class='ocrx_word' id='word_1_38' title='bbox 929 741 1085 807; x_wconf 91' lang='lat' dir='ltr'><strong>minutam</strong></span> <span class='ocrx_word' id='word_1_39' title='bbox 1123 742 1194 806; x_wconf 91' lang='lat' dir='ltr'><strong>duo.</strong></span> <span class='ocrx_word' id='word_1_40' title='bbox 1240 738 1253 776; x_wconf 74' lang='lat'>³</span> <span class='ocrx_word' id='word_1_41' title='bbox 1297 741 1341 804; x_wconf 84' lang='lat' dir='ltr'><strong>Et</strong></span> <span class='ocrx_word' id='word_1_42' title='bbox 1374 739 1460 806; x_wconf 83' lang='lat' dir='ltr'><strong>dixit</strong></span> 
     </span>
     <span class='ocr_line' id='line_1_6' title="bbox 223 842 1454 931; baseline -0.006 -20"><span class='ocrx_word' id='word_1_43' title='bbox 223 870 299 912; x_wconf 87' lang='lat' dir='ltr'><strong>uere</strong></span> <span class='ocrx_word' id='word_1_44' title='bbox 322 847 390 911; x_wconf 88' lang='lat' dir='ltr'><strong>dico</strong></span> <span class='ocrx_word' id='word_1_45' title='bbox 413 845 503 911; x_wconf 91' lang='lat' dir='ltr'><strong>uobis</strong></span> <span class='ocrx_word' id='word_1_46' title='bbox 526 844 624 909; x_wconf 92' lang='lat' dir='ltr'><strong>uidua</strong></span> <span class='ocrx_word' id='word_1_47' title='bbox 646 846 723 911; x_wconf 86' lang='lat' dir='ltr'><strong>haec</strong></span> <span class='ocrx_word' id='word_1_48' title='bbox 756 846 949 931; x_wconf 89' lang='lat' dir='ltr'><strong>paupercula</strong></span> <span class='ocrx_word' id='word_1_49' title='bbox 983 845 1054 931; x_wconf 88' lang='lat' dir='ltr'><strong>plus</strong></span> <span class='ocrx_word' id='word_1_50' title='bbox 1086 867 1181 930; x_wconf 90' lang='lat' dir='ltr'><strong>quam</strong></span> <span class='ocrx_word' id='word_1_51' title='bbox 1214 866 1324 908; x_wconf 89' lang='lat' dir='ltr'><strong>omnes</strong></span> <span class='ocrx_word' id='word_1_52' title='bbox 1357 842 1454 907; x_wconf 84' lang='lat' dir='ltr'><strong>misit.</strong></span> 
     </span>
     <span class='ocr_line' id='line_1_7' title="bbox 223 946 1457 1013; baseline -0.002 -1"><span class='ocrx_word' id='word_1_53' title='bbox 223 948 321 1013; x_wconf 75' lang='lat' dir='ltr'><strong>‘nam</strong></span> <span class='ocrx_word' id='word_1_54' title='bbox 345 972 453 1013; x_wconf 89' lang='lat' dir='ltr'><strong>omnes</strong></span> <span class='ocrx_word' id='word_1_55' title='bbox 476 972 515 1013; x_wconf 83' lang='lat' dir='ltr'><strong>ex</strong></span> <span class='ocrx_word' id='word_1_56' title='bbox 538 947 690 1012; x_wconf 74' lang='lat' dir='ltr'><strong>abundati</strong></span> <span class='ocrx_word' id='word_1_57' title='bbox 714 947 868 1013; x_wconf 88' lang='lat' dir='ltr'><strong>miserunt</strong></span> <span class='ocrx_word' id='word_1_58' title='bbox 891 946 924 1012; x_wconf 89' lang='lat' dir='ltr'><strong>in</strong></span> <span class='ocrx_word' id='word_1_59' title='bbox 948 969 1079 1012; x_wconf 91' lang='lat' dir='ltr'><strong>munera</strong></span> <span class='ocrx_word' id='word_1_60' title='bbox 1100 948 1132 1011; x_wconf 88' lang='lat' dir='ltr'><strong>di</strong></span> <span class='ocrx_word' id='word_1_61' title='bbox 1156 947 1235 1011; x_wconf 89' lang='lat' dir='ltr'><strong>baec</strong></span> <span class='ocrx_word' id='word_1_62' title='bbox 1256 955 1331 1010; x_wconf 79' lang='lat' dir='ltr'><strong>aute</strong></span> <span class='ocrx_word' id='word_1_63' title='bbox 1353 969 1395 1009; x_wconf 84' lang='lat' dir='ltr'><strong>ex</strong></span> <span class='ocrx_word' id='word_1_64' title='bbox 1418 970 1457 1010; x_wconf 91' lang='lat' dir='ltr'><strong>eo</strong></span> 
     </span>
     <span class='ocr_line' id='line_1_8' title="bbox 224 1046 1268 1136; baseline -0.007 -20"><span class='ocrx_word' id='word_1_65' title='bbox 224 1052 306 1136; x_wconf 92' lang='lat' dir='ltr'><strong>quod</strong></span> <span class='ocrx_word' id='word_1_66' title='bbox 330 1052 418 1117; x_wconf 86' lang='lat' dir='ltr'><strong>deest</strong></span> <span class='ocrx_word' id='word_1_67' title='bbox 439 1050 488 1115; x_wconf 90' lang='lat' dir='ltr'><strong>illi</strong></span> <span class='ocrx_word' id='word_1_68' title='bbox 510 1073 634 1115; x_wconf 90' lang='lat' dir='ltr'><strong>omnem</strong></span> <span class='ocrx_word' id='word_1_69' title='bbox 659 1050 779 1115; x_wconf 89' lang='lat' dir='ltr'><strong>uictum</strong></span> <span class='ocrx_word' id='word_1_70' title='bbox 803 1074 896 1116; x_wconf 91' lang='lat' dir='ltr'><strong>suum</strong></span> <span class='ocrx_word' id='word_1_71' title='bbox 920 1073 1015 1135; x_wconf 91' lang='lat' dir='ltr'><strong>quem</strong></span> <span class='ocrx_word' id='word_1_72' title='bbox 1037 1048 1150 1114; x_wconf 92' lang='lat' dir='ltr'><strong>habuit</strong></span> <span class='ocrx_word' id='word_1_73' title='bbox 1172 1046 1268 1113; x_wconf 89' lang='lat' dir='ltr'><strong>misit.</strong></span> 
     </span>
    </p>

    <p class='ocr_par' dir='ltr' id='par_1_3' title="bbox 190 1148 1457 3289">
     <span class='ocr_line' id='line_1_9' title="bbox 307 1148 1456 1237; baseline -0.003 -20"><span class='ocrx_word' id='word_1_74' title='bbox 307 1153 440 1218; x_wconf 83' lang='lat' dir='ltr'>LXIX.</span> <span class='ocrx_word' id='word_1_75' title='bbox 485 1152 497 1191; x_wconf 79' lang='lat'>⁵</span> <span class='ocrx_word' id='word_1_76' title='bbox 543 1154 588 1218; x_wconf 83' lang='lat' dir='ltr'><strong>Et</strong></span> <span class='ocrx_word' id='word_1_77' title='bbox 610 1152 798 1237; x_wconf 90' lang='lat' dir='ltr'><strong>quibusdam</strong></span> <span class='ocrx_word' id='word_1_78' title='bbox 822 1153 979 1218; x_wconf 72' lang='lat' dir='ltr'><strong>dicctibus</strong></span> <span class='ocrx_word' id='word_1_79' title='bbox 1006 1153 1045 1217; x_wconf 94' lang='lat' dir='ltr'><strong>de</strong></span> <span class='ocrx_word' id='word_1_80' title='bbox 1078 1157 1195 1237; x_wconf 91' lang='lat' dir='ltr'><strong>templo</strong></span> <span class='ocrx_word' id='word_1_81' title='bbox 1229 1150 1311 1235; x_wconf 92' lang='lat' dir='ltr'><strong>quod</strong></span> <span class='ocrx_word' id='word_1_82' title='bbox 1344 1148 1456 1235; x_wconf 90' lang='lat' dir='ltr'><strong>lapidi·</strong></span> 
     </span>
     <span class='ocr_line' id='line_1_10' title="bbox 222 1251 1454 1321; baseline -0.005 0"><span class='ocrx_word' id='word_1_83' title='bbox 222 1258 280 1321; x_wconf 89' lang='lat' dir='ltr'><strong>bus</strong></span> <span class='ocrx_word' id='word_1_84' title='bbox 302 1256 393 1320; x_wconf 89' lang='lat' dir='ltr'><strong>bouis</strong></span> <span class='ocrx_word' id='word_1_85' title='bbox 417 1263 447 1321; x_wconf 87' lang='lat' dir='ltr'><strong>et</strong></span> <span class='ocrx_word' id='word_1_86' title='bbox 469 1256 560 1320; x_wconf 88' lang='lat' dir='ltr'><strong>donis</strong></span> <span class='ocrx_word' id='word_1_87' title='bbox 582 1261 727 1321; x_wconf 90' lang='lat' dir='ltr'><strong>ornatum</strong></span> <span class='ocrx_word' id='word_1_88' title='bbox 750 1261 798 1321; x_wconf 88' lang='lat' dir='ltr'><strong>est</strong></span> <span class='ocrx_word' id='word_1_89' title='bbox 819 1254 1018 1321; x_wconf 79' lang='lat' dir='ltr'><strong>dixit⁸haec</strong></span> <span class='ocrx_word' id='word_1_90' title='bbox 1040 1253 1156 1319; x_wconf 87' lang='lat' dir='ltr'><strong>uidetis</strong></span> <span class='ocrx_word' id='word_1_91' title='bbox 1180 1251 1311 1318; x_wconf 90' lang='lat' dir='ltr'><strong>uenient</strong></span> <span class='ocrx_word' id='word_1_92' title='bbox 1332 1251 1454 1317; x_wconf 89' lang='lat' dir='ltr'><strong>diesin</strong></span> 
     </span>
     <span class='ocr_line' id='line_1_11' title="bbox 223 1354 1453 1444; baseline -0.004 -21"><span class='ocrx_word' id='word_1_93' title='bbox 223 1358 337 1444; x_wconf 92' lang='lat' dir='ltr'><strong>quibus</strong></span> <span class='ocrx_word' id='word_1_94' title='bbox 358 1382 421 1423; x_wconf 90' lang='lat' dir='ltr'><strong>non</strong></span> <span class='ocrx_word' id='word_1_95' title='bbox 444 1357 641 1443; x_wconf 87' lang='lat' dir='ltr'><strong>relinquetur</strong></span> <span class='ocrx_word' id='word_1_96' title='bbox 662 1358 743 1443; x_wconf 90' lang='lat' dir='ltr'><strong>lapis</strong></span> <span class='ocrx_word' id='word_1_97' title='bbox 765 1381 859 1444; x_wconf 88' lang='lat' dir='ltr'><strong>super</strong></span> <span class='ocrx_word' id='word_1_98' title='bbox 881 1356 1018 1443; x_wconf 89' lang='lat' dir='ltr'><strong>lapidem</strong></span> <span class='ocrx_word' id='word_1_99' title='bbox 1041 1356 1096 1423; x_wconf 89' lang='lat' dir='ltr'><strong>hic</strong></span> <span class='ocrx_word' id='word_1_100' title='bbox 1119 1356 1151 1420; x_wconf 93' lang='lat' dir='ltr'><strong>in</strong></span> <span class='ocrx_word' id='word_1_101' title='bbox 1174 1354 1295 1441; x_wconf 72' lang='lat' dir='ltr'><strong>pariete</strong></span> <span class='ocrx_word' id='word_1_102' title='bbox 1312 1354 1365 1439; x_wconf 92' lang='lat' dir='ltr'><strong>qui</strong></span> <span class='ocrx_word' id='word_1_103' title='bbox 1389 1377 1453 1419; x_wconf 92' lang='lat' dir='ltr'><strong>non</strong></span> 
     </span>
     <span class='ocr_line' id='line_1_12' title="bbox 222 1458 1457 1545; baseline -0.006 -19"><span class='ocrx_word' id='word_1_104' title='bbox 222 1462 410 1527; x_wconf 88' lang='lat' dir='ltr'><strong>destruatur.</strong></span> <span class='ocrx_word' id='word_1_105' title='bbox 458 1460 469 1498; x_wconf 69' lang='lat'>7</span> <span class='ocrx_word' id='word_1_106' title='bbox 523 1461 805 1545; x_wconf 87' lang='lat' dir='ltr'><strong>Interrogauerunt</strong></span> <span class='ocrx_word' id='word_1_107' title='bbox 839 1465 946 1525; x_wconf 88' lang='lat' dir='ltr'><strong>autem</strong></span> <span class='ocrx_word' id='word_1_108' title='bbox 980 1460 1070 1524; x_wconf 91' lang='lat' dir='ltr'><strong>illum</strong></span> <span class='ocrx_word' id='word_1_109' title='bbox 1111 1458 1251 1523; x_wconf 88' lang='lat' dir='ltr'><strong>dicentes</strong></span> <span class='ocrx_word' id='word_1_110' title='bbox 1290 1464 1457 1543; x_wconf 82' lang='lat' dir='ltr'><strong>preceptor</strong></span> 
     </span>
     <span class='ocr_line' id='line_1_13' title="bbox 222 1558 1453 1649; baseline -0.007 -19"><span class='ocrx_word' id='word_1_111' title='bbox 222 1565 347 1649; x_wconf 90' lang='lat' dir='ltr'><strong>quando</strong></span> <span class='ocrx_word' id='word_1_112' title='bbox 369 1564 448 1629; x_wconf 91' lang='lat' dir='ltr'><strong>haec</strong></span> <span class='ocrx_word' id='word_1_113' title='bbox 470 1568 563 1628; x_wconf 86' lang='lat' dir='ltr'><strong>erunt</strong></span> <span class='ocrx_word' id='word_1_114' title='bbox 585 1570 618 1627; x_wconf 92' lang='lat' dir='ltr'><strong>et</strong></span> <span class='ocrx_word' id='word_1_115' title='bbox 640 1564 723 1647; x_wconf 91' lang='lat' dir='ltr'><strong>quod</strong></span> <span class='ocrx_word' id='word_1_116' title='bbox 745 1562 872 1648; x_wconf 88' lang='lat' dir='ltr'><strong>signum</strong></span> <span class='ocrx_word' id='word_1_117' title='bbox 894 1587 965 1630; x_wconf 92' lang='lat' dir='ltr'><strong>cum</strong></span> <span class='ocrx_word' id='word_1_118' title='bbox 988 1562 1096 1627; x_wconf 91' lang='lat' dir='ltr'><strong>futura</strong></span> <span class='ocrx_word' id='word_1_119' title='bbox 1117 1570 1221 1626; x_wconf 88' lang='lat' dir='ltr'><strong>erunt.</strong></span> <span class='ocrx_word' id='word_1_120' title='bbox 1266 1560 1280 1596; x_wconf 74' lang='lat'>⁸</span> <span class='ocrx_word' id='word_1_121' title='bbox 1316 1558 1380 1643; x_wconf 74' lang='lat' dir='ltr'><strong>Qui</strong></span> <span class='ocrx_word' id='word_1_122' title='bbox 1397 1582 1453 1622; x_wconf 92' lang='lat' dir='ltr'><strong>au·</strong></span> 
     </span>
     <span class='ocr_line' id='line_1_14' title="bbox 221 1660 1456 1732; baseline -0.006 0"><span class='ocrx_word' id='word_1_123' title='bbox 221 1675 284 1732; x_wconf 89' lang='lat' dir='ltr'><strong>tem</strong></span> <span class='ocrx_word' id='word_1_124' title='bbox 310 1665 392 1732; x_wconf 88' lang='lat' dir='ltr'><strong>dixit</strong></span> <span class='ocrx_word' id='word_1_125' title='bbox 414 1665 520 1731; x_wconf 88' lang='lat' dir='ltr'><strong>uidete</strong></span> <span class='ocrx_word' id='word_1_126' title='bbox 550 1689 589 1729; x_wconf 88' lang='lat' dir='ltr'><strong>ne</strong></span> <span class='ocrx_word' id='word_1_127' title='bbox 617 1664 811 1731; x_wconf 86' lang='lat' dir='ltr'><strong>seducamini</strong></span> <span class='ocrx_word' id='word_1_128' title='bbox 846 1664 940 1731; x_wconf 91' lang='lat' dir='ltr'><strong>multi</strong></span> <span class='ocrx_word' id='word_1_129' title='bbox 974 1664 1058 1731; x_wconf 92' lang='lat' dir='ltr'><strong>enim</strong></span> <span class='ocrx_word' id='word_1_130' title='bbox 1093 1663 1225 1728; x_wconf 89' lang='lat' dir='ltr'><strong>uenient</strong></span> <span class='ocrx_word' id='word_1_131' title='bbox 1257 1662 1290 1726; x_wconf 93' lang='lat' dir='ltr'><strong>in</strong></span> <span class='ocrx_word' id='word_1_132' title='bbox 1325 1660 1456 1727; x_wconf 90' lang='lat' dir='ltr'><strong>nomine</strong></span> 
     </span>
     <span class='ocr_line' id='line_1_15' title="bbox 221 1761 1455 1854; baseline -0.006 -20"><span class='ocrx_word' id='word_1_133' title='bbox 221 1793 291 1835; x_wconf 87' lang='lat' dir='ltr'><strong>meo</strong></span> <span class='ocrx_word' id='word_1_134' title='bbox 314 1768 455 1834; x_wconf 86' lang='lat' dir='ltr'><strong>dicentes</strong></span> <span class='ocrx_word' id='word_1_135' title='bbox 478 1768 561 1852; x_wconf 89' lang='lat' dir='ltr'><strong>quod</strong></span> <span class='ocrx_word' id='word_1_136' title='bbox 584 1791 642 1853; x_wconf 91' lang='lat' dir='ltr'><strong>ego</strong></span> <span class='ocrx_word' id='word_1_137' title='bbox 664 1792 734 1833; x_wconf 89' lang='lat' dir='ltr'><strong>sum</strong></span> <span class='ocrx_word' id='word_1_138' title='bbox 757 1774 818 1854; x_wconf 78' lang='lat' dir='ltr'><strong>xps</strong></span> <span class='ocrx_word' id='word_1_139' title='bbox 840 1776 872 1833; x_wconf 88' lang='lat' dir='ltr'><strong>et</strong></span> <span class='ocrx_word' id='word_1_140' title='bbox 895 1774 1020 1854; x_wconf 90' lang='lat' dir='ltr'><strong>tempus</strong></span> <span class='ocrx_word' id='word_1_141' title='bbox 1042 1764 1243 1853; x_wconf 91' lang='lat' dir='ltr'><strong>adpropiauit</strong></span> <span class='ocrx_word' id='word_1_142' title='bbox 1275 1764 1373 1829; x_wconf 91' lang='lat' dir='ltr'><strong>nolite</strong></span> <span class='ocrx_word' id='word_1_143' title='bbox 1405 1761 1455 1827; x_wconf 89' lang='lat' dir='ltr'><strong>ire</strong></span> 
     </span>
     <span class='ocr_line' id='line_1_16' title="bbox 220 1865 1453 1958; baseline -0.006 -21"><span class='ocrx_word' id='word_1_144' title='bbox 220 1871 393 1958; x_wconf 86' lang='lat' dir='ltr'><strong>pastillos.</strong></span> <span class='ocrx_word' id='word_1_145' title='bbox 440 1868 452 1908; x_wconf 76' lang='lat'><strong>⁹</strong></span> <span class='ocrx_word' id='word_1_146' title='bbox 497 1869 579 1935; x_wconf 84' lang='lat' dir='ltr'><strong>Oum</strong></span> <span class='ocrx_word' id='word_1_147' title='bbox 602 1882 709 1935; x_wconf 89' lang='lat' dir='ltr'><strong>autem</strong></span> <span class='ocrx_word' id='word_1_148' title='bbox 732 1869 898 1935; x_wconf 89' lang='lat' dir='ltr'><strong>audieritis</strong></span> <span class='ocrx_word' id='word_1_149' title='bbox 921 1869 1041 1956; x_wconf 88' lang='lat' dir='ltr'><strong>proelia</strong></span> <span class='ocrx_word' id='word_1_150' title='bbox 1064 1877 1097 1933; x_wconf 88' lang='lat' dir='ltr'><strong>ct</strong></span> <span class='ocrx_word' id='word_1_151' title='bbox 1118 1866 1329 1949; x_wconf 81' lang='lat' dir='ltr'><strong>seditionistl)</strong></span> <span class='ocrx_word' id='word_1_152' title='bbox 1354 1865 1453 1930; x_wconf 89' lang='lat' dir='ltr'><strong>nolite</strong></span> 
     </span>
     <span class='ocr_line' id='line_1_17' title="bbox 221 1966 1457 2060; baseline -0.005 -21"><span class='ocrx_word' id='word_1_153' title='bbox 221 1974 332 2040; x_wconf 87' lang='lat' dir='ltr'><strong>terreri</strong></span> <span class='ocrx_word' id='word_1_154' title='bbox 355 1983 478 2060; x_wconf 89' lang='lat' dir='ltr'><strong>oportet</strong></span> <span class='ocrx_word' id='word_1_155' title='bbox 499 1974 576 2037; x_wconf 88' lang='lat' dir='ltr'><strong>hacc</strong></span> <span class='ocrx_word' id='word_1_156' title='bbox 599 1972 736 2059; x_wconf 88' lang='lat' dir='ltr'><strong>primum</strong></span> <span class='ocrx_word' id='word_1_157' title='bbox 759 1972 828 2037; x_wconf 91' lang='lat' dir='ltr'><strong>fieri</strong></span> <span class='ocrx_word' id='word_1_158' title='bbox 851 1971 907 2038; x_wconf 91' lang='lat' dir='ltr'><strong>sed</strong></span> <span class='ocrx_word' id='word_1_159' title='bbox 922 1971 1062 2037; x_wconf 90' lang='lat' dir='ltr'><strong>nondum</strong></span> <span class='ocrx_word' id='word_1_160' title='bbox 1087 1972 1194 2037; x_wconf 87' lang='lat' dir='ltr'><strong>statim</strong></span> <span class='ocrx_word' id='word_1_161' title='bbox 1219 1969 1293 2034; x_wconf 85' lang='lat' dir='ltr'><strong>finis</strong></span> <span class='ocrx_word' id='word_1_162' title='bbox 1322 1968 1393 2033; x_wconf 88' lang='lat' dir='ltr'><strong>illis.</strong></span> <span class='ocrx_word' id='word_1_163' title='bbox 1426 1966 1457 2004; x_wconf 83' lang='lat'><strong>¹⁰</strong></span> 
     </span>
     <span class='ocr_line' id='line_1_18' title="bbox 222 2069 1456 2161; baseline -0.006 -19"><span class='ocrx_word' id='word_1_164' title='bbox 222 2078 307 2142; x_wconf 89' lang='lat' dir='ltr'><strong>Nam</strong></span> <span class='ocrx_word' id='word_1_165' title='bbox 330 2082 437 2161; x_wconf 87' lang='lat' dir='ltr'><strong>surget</strong></span> <span class='ocrx_word' id='word_1_166' title='bbox 458 2098 535 2161; x_wconf 86' lang='lat' dir='ltr'><strong>gens</strong></span> <span class='ocrx_word' id='word_1_167' title='bbox 564 2080 650 2140; x_wconf 80' lang='lat' dir='ltr'><strong>rdtra</strong></span> <span class='ocrx_word' id='word_1_168' title='bbox 673 2083 798 2161; x_wconf 83' lang='lat' dir='ltr'><strong>gentem</strong></span> <span class='ocrx_word' id='word_1_169' title='bbox 824 2082 855 2140; x_wconf 91' lang='lat' dir='ltr'><strong>et</strong></span> <span class='ocrx_word' id='word_1_170' title='bbox 888 2098 1020 2159; x_wconf 85' lang='lat' dir='ltr'><strong>regnum</strong></span> <span class='ocrx_word' id='word_1_171' title='bbox 1054 2074 1205 2139; x_wconf 86' lang='lat' dir='ltr'><strong>aduersus</strong></span> <span class='ocrx_word' id='word_1_172' title='bbox 1238 2095 1370 2156; x_wconf 89' lang='lat' dir='ltr'><strong>regnum</strong></span> <span class='ocrx_word' id='word_1_173' title='bbox 1383 2069 1408 2107; x_wconf 84' lang='lat'><strong>¹¹</strong></span> <span class='ocrx_word' id='word_1_174' title='bbox 1421 2079 1456 2136; x_wconf 88' lang='lat' dir='ltr'><strong>ct</strong></span> 
     </span>
     <span class='ocr_line' id='line_1_19' title="bbox 220 2173 1451 2263; baseline -0.005 -19"><span class='ocrx_word' id='word_1_175' title='bbox 220 2179 297 2245; x_wconf 89' lang='lat' dir='ltr'><strong>terri</strong></span> <span class='ocrx_word' id='word_1_176' title='bbox 311 2184 347 2256; x_wconf 81' lang='lat' dir='ltr'><strong>(l)</strong></span> <span class='ocrx_word' id='word_1_177' title='bbox 371 2187 475 2243; x_wconf 89' lang='lat' dir='ltr'><strong>motus</strong></span> <span class='ocrx_word' id='word_1_178' title='bbox 497 2177 604 2261; x_wconf 89' lang='lat' dir='ltr'><strong>magni</strong></span> <span class='ocrx_word' id='word_1_179' title='bbox 627 2186 720 2242; x_wconf 89' lang='lat' dir='ltr'><strong>erunt</strong></span> <span class='ocrx_word' id='word_1_180' title='bbox 742 2201 799 2263; x_wconf 88' lang='lat' dir='ltr'><strong>per</strong></span> <span class='ocrx_word' id='word_1_181' title='bbox 820 2178 888 2243; x_wconf 88' lang='lat' dir='ltr'><strong>loca</strong></span> <span class='ocrx_word' id='word_1_182' title='bbox 910 2185 943 2242; x_wconf 89' lang='lat' dir='ltr'><strong>et</strong></span> <span class='ocrx_word' id='word_1_183' title='bbox 957 2175 1160 2263; x_wconf 84' lang='lat' dir='ltr'><strong>pestilentiae</strong></span> <span class='ocrx_word' id='word_1_184' title='bbox 1181 2182 1213 2241; x_wconf 91' lang='lat' dir='ltr'><strong>et</strong></span> <span class='ocrx_word' id='word_1_185' title='bbox 1233 2173 1332 2239; x_wconf 87' lang='lat' dir='ltr'><strong>fames</strong></span> <span class='ocrx_word' id='word_1_186' title='bbox 1354 2181 1451 2238; x_wconf 85' lang='lat' dir='ltr'><strong>terro·</strong></span> 
     </span>
     <span class='ocr_line' id='line_1_20' title="bbox 222 2274 1453 2367; baseline -0.006 -22"><span class='ocrx_word' id='word_1_187' title='bbox 222 2284 395 2367; x_wconf 75' lang='lat' dir='ltr'><strong>resquaell)</strong></span> <span class='ocrx_word' id='word_1_188' title='bbox 417 2281 455 2345; x_wconf 88' lang='lat' dir='ltr'><strong>de</strong></span> <span class='ocrx_word' id='word_1_189' title='bbox 479 2281 565 2345; x_wconf 89' lang='lat' dir='ltr'><strong>caelo</strong></span> <span class='ocrx_word' id='word_1_190' title='bbox 585 2285 617 2345; x_wconf 90' lang='lat' dir='ltr'><strong>et</strong></span> <span class='ocrx_word' id='word_1_191' title='bbox 639 2279 730 2365; x_wconf 87' lang='lat' dir='ltr'><strong>signa</strong></span> <span class='ocrx_word' id='word_1_192' title='bbox 752 2304 867 2365; x_wconf 87' lang='lat' dir='ltr'><strong>magna</strong></span> <span class='ocrx_word' id='word_1_193' title='bbox 890 2286 983 2345; x_wconf 92' lang='lat' dir='ltr'><strong>erunt</strong></span> <span class='ocrx_word' id='word_1_194' title='bbox 1004 2287 1037 2343; x_wconf 90' lang='lat' dir='ltr'><strong>et</strong></span> <span class='ocrx_word' id='word_1_195' title='bbox 1059 2283 1271 2363; x_wconf 87' lang='lat' dir='ltr'><strong>tempestates.</strong></span> <span class='ocrx_word' id='word_1_196' title='bbox 1318 2274 1344 2311; x_wconf 77' lang='lat'><strong>¹²</strong></span> <span class='ocrx_word' id='word_1_197' title='bbox 1361 2310 1375 2336; x_wconf 59' lang='lat' dir='ltr'><strong>s</strong></span> <span class='ocrx_word' id='word_1_198' title='bbox 1388 2274 1453 2341; x_wconf 86' lang='lat' dir='ltr'><strong>Sed</strong></span> 
     </span>
     <span class='ocr_line' id='line_1_21' title="bbox 190 2378 1455 2466; baseline -0.006 -17"><span class='ocrx_word' id='word_1_199' title='bbox 190 2397 192 2401; x_wconf 84' lang='lat'>&#39;</span> <span class='ocrx_word' id='word_1_200' title='bbox 221 2392 294 2450; x_wconf 88' lang='lat' dir='ltr'><strong>ante</strong></span> <span class='ocrx_word' id='word_1_201' title='bbox 316 2385 394 2448; x_wconf 90' lang='lat' dir='ltr'><strong>haec</strong></span> <span class='ocrx_word' id='word_1_202' title='bbox 417 2382 523 2448; x_wconf 87' lang='lat' dir='ltr'><strong>omnia</strong></span> <span class='ocrx_word' id='word_1_203' title='bbox 545 2381 690 2447; x_wconf 89' lang='lat' dir='ltr'><strong>iniicient</strong></span> <span class='ocrx_word' id='word_1_204' title='bbox 711 2406 768 2447; x_wconf 87' lang='lat' dir='ltr'><strong>uos</strong></span> <span class='ocrx_word' id='word_1_205' title='bbox 791 2406 904 2448; x_wconf 89' lang='lat' dir='ltr'><strong>manus</strong></span> <span class='ocrx_word' id='word_1_206' title='bbox 926 2404 1000 2447; x_wconf 91' lang='lat' dir='ltr'><strong>suas</strong></span> <span class='ocrx_word' id='word_1_207' title='bbox 1022 2387 1055 2445; x_wconf 89' lang='lat' dir='ltr'><strong>et</strong></span> <span class='ocrx_word' id='word_1_208' title='bbox 1070 2385 1277 2466; x_wconf 67' lang='lat' dir='ltr'><strong>persequetur</strong></span> <span class='ocrx_word' id='word_1_209' title='bbox 1292 2378 1455 2443; x_wconf 86' lang='lat' dir='ltr'><strong>tradentes</strong></span> 
     </span>
     <span class='ocr_line' id='line_1_22' title="bbox 219 2482 1456 2571; baseline -0.006 -20"><span class='ocrx_word' id='word_1_210' title='bbox 219 2486 253 2551; x_wconf 92' lang='lat' dir='ltr'><strong>in</strong></span> <span class='ocrx_word' id='word_1_211' title='bbox 276 2508 450 2571; x_wconf 86' lang='lat' dir='ltr'><strong>synagogas</strong></span> <span class='ocrx_word' id='word_1_212' title='bbox 473 2493 506 2549; x_wconf 90' lang='lat' dir='ltr'><strong>et</strong></span> <span class='ocrx_word' id='word_1_213' title='bbox 528 2484 685 2550; x_wconf 90' lang='lat' dir='ltr'><strong>custodias</strong></span> <span class='ocrx_word' id='word_1_214' title='bbox 713 2485 864 2550; x_wconf 86' lang='lat' dir='ltr'><strong>ducentes</strong></span> <span class='ocrx_word' id='word_1_215' title='bbox 893 2486 933 2550; x_wconf 92' lang='lat' dir='ltr'><strong>ad</strong></span> <span class='ocrx_word' id='word_1_216' title='bbox 966 2507 1055 2568; x_wconf 89' lang='lat' dir='ltr'><strong>reges</strong></span> <span class='ocrx_word' id='word_1_217' title='bbox 1088 2494 1121 2548; x_wconf 84' lang='lat' dir='ltr'><strong>et</strong></span> <span class='ocrx_word' id='word_1_218' title='bbox 1153 2482 1291 2568; x_wconf 88' lang='lat' dir='ltr'><strong>presides</strong></span> <span class='ocrx_word' id='word_1_219' title='bbox 1306 2485 1309 2489; x_wconf 68' lang='grc'><strong><em>’</em></strong></span> <span class='ocrx_word' id='word_1_220' title='bbox 1324 2486 1456 2566; x_wconf 87' lang='lat' dir='ltr'><strong>propter</strong></span> 
     </span>
     <span class='ocr_line' id='line_1_23' title="bbox 220 2582 1455 2672; baseline -0.006 -19"><span class='ocrx_word' id='word_1_221' title='bbox 220 2612 333 2654; x_wconf 90' lang='lat' dir='ltr'><strong>nomen</strong></span> <span class='ocrx_word' id='word_1_222' title='bbox 356 2612 462 2652; x_wconf 90' lang='lat' dir='ltr'><strong>meum</strong></span> <span class='ocrx_word' id='word_1_223' title='bbox 477 2586 503 2624; x_wconf 72' lang='lat'><strong>¹³</strong></span> <span class='ocrx_word' id='word_1_224' title='bbox 515 2588 676 2672; x_wconf 89' lang='lat' dir='ltr'><strong>continget</strong></span> <span class='ocrx_word' id='word_1_225' title='bbox 698 2586 781 2652; x_wconf 91' lang='lat' dir='ltr'><strong>enim</strong></span> <span class='ocrx_word' id='word_1_226' title='bbox 810 2587 900 2651; x_wconf 89' lang='lat' dir='ltr'><strong>uobis</strong></span> <span class='ocrx_word' id='word_1_227' title='bbox 926 2586 960 2651; x_wconf 93' lang='lat' dir='ltr'><strong>in</strong></span> <span class='ocrx_word' id='word_1_228' title='bbox 991 2584 1218 2651; x_wconf 88' lang='lat' dir='ltr'><strong>testimonium.</strong></span> <span class='ocrx_word' id='word_1_229' title='bbox 1265 2582 1293 2620; x_wconf 83' lang='lat'><strong>¹⁴</strong></span> <span class='ocrx_word' id='word_1_230' title='bbox 1336 2582 1455 2647; x_wconf 91' lang='lat' dir='ltr'><strong>Ponite</strong></span> 
     </span>
     <span class='ocr_line' id='line_1_24' title="bbox 220 2688 1449 2777; baseline -0.007 -21"><span class='ocrx_word' id='word_1_231' title='bbox 220 2714 293 2777; x_wconf 87' lang='lat' dir='ltr'><strong>ergo</strong></span> <span class='ocrx_word' id='word_1_232' title='bbox 317 2691 351 2755; x_wconf 92' lang='lat' dir='ltr'><strong>in</strong></span> <span class='ocrx_word' id='word_1_233' title='bbox 373 2689 518 2755; x_wconf 89' lang='lat' dir='ltr'><strong>cordibus</strong></span> <span class='ocrx_word' id='word_1_234' title='bbox 546 2689 660 2754; x_wconf 86' lang='lat' dir='ltr'><strong>uestris</strong></span> <span class='ocrx_word' id='word_1_235' title='bbox 690 2713 752 2754; x_wconf 93' lang='lat' dir='ltr'><strong>non</strong></span> <span class='ocrx_word' id='word_1_236' title='bbox 787 2689 991 2775; x_wconf 88' lang='lat' dir='ltr'><strong>premeditari</strong></span> <span class='ocrx_word' id='word_1_237' title='bbox 1025 2688 1289 2772; x_wconf 91' lang='lat' dir='ltr'><strong>quemadmodum</strong></span> <span class='ocrx_word' id='word_1_238' title='bbox 1323 2706 1449 2770; x_wconf 87' lang='lat' dir='ltr'><strong>respon·</strong></span> 
     </span>
     <span class='ocr_line' id='line_1_25' title="bbox 219 2787 1455 2877; baseline -0.008 -18"><span class='ocrx_word' id='word_1_239' title='bbox 219 2792 428 2877; x_wconf 81' lang='lat' dir='ltr'><strong>deatis¹⁵ego</strong></span> <span class='ocrx_word' id='word_1_240' title='bbox 451 2791 536 2857; x_wconf 89' lang='lat' dir='ltr'><strong>enim</strong></span> <span class='ocrx_word' id='word_1_241' title='bbox 560 2792 638 2857; x_wconf 89' lang='lat' dir='ltr'><strong>dabo</strong></span> <span class='ocrx_word' id='word_1_242' title='bbox 662 2792 752 2857; x_wconf 92' lang='lat' dir='ltr'><strong>uobis</strong></span> <span class='ocrx_word' id='word_1_243' title='bbox 775 2814 809 2857; x_wconf 92' lang='lat' dir='ltr'><strong>os</strong></span> <span class='ocrx_word' id='word_1_244' title='bbox 832 2800 864 2856; x_wconf 90' lang='lat' dir='ltr'><strong>et</strong></span> <span class='ocrx_word' id='word_1_245' title='bbox 886 2791 1074 2877; x_wconf 88' lang='lat' dir='ltr'><strong>sapientiam</strong></span> <span class='ocrx_word' id='word_1_246' title='bbox 1097 2790 1149 2855; x_wconf 92' lang='lat' dir='ltr'><strong>cui</strong></span> <span class='ocrx_word' id='word_1_247' title='bbox 1172 2812 1235 2854; x_wconf 95' lang='lat' dir='ltr'><strong>non</strong></span> <span class='ocrx_word' id='word_1_248' title='bbox 1265 2787 1378 2874; x_wconf 75' lang='lat' dir='ltr'><strong>poteris</strong></span> <span class='ocrx_word' id='word_1_249' title='bbox 1405 2809 1455 2850; x_wconf 90' lang='lat' dir='ltr'><strong>re·</strong></span> 
     </span>
     <span class='ocr_line' id='line_1_26' title="bbox 218 2889 1450 2978; baseline -0.006 -18"><span class='ocrx_word' id='word_1_250' title='bbox 218 2895 329 2961; x_wconf 88' lang='lat' dir='ltr'><strong>sistere</strong></span> <span class='ocrx_word' id='word_1_251' title='bbox 352 2893 525 2960; x_wconf 89' lang='lat' dir='ltr'><strong>aduersarii</strong></span> <span class='ocrx_word' id='word_1_252' title='bbox 548 2894 655 2959; x_wconf 89' lang='lat' dir='ltr'><strong>uestri.</strong></span> <span class='ocrx_word' id='word_1_253' title='bbox 703 2894 729 2932; x_wconf 79' lang='lat'><strong>¹⁶</strong></span> <span class='ocrx_word' id='word_1_254' title='bbox 773 2893 952 2958; x_wconf 83' lang='lat' dir='ltr'><strong>Tradimini</strong></span> <span class='ocrx_word' id='word_1_255' title='bbox 974 2900 1079 2958; x_wconf 91' lang='lat' dir='ltr'><strong>autem</strong></span> <span class='ocrx_word' id='word_1_256' title='bbox 1102 2916 1121 2956; x_wconf 93' lang='lat' dir='ltr'><strong>a</strong></span> <span class='ocrx_word' id='word_1_257' title='bbox 1142 2891 1325 2978; x_wconf 83' lang='lat' dir='ltr'><strong>parentibus</strong></span> <span class='ocrx_word' id='word_1_258' title='bbox 1341 2899 1373 2955; x_wconf 94' lang='lat' dir='ltr'><strong>et</strong></span> <span class='ocrx_word' id='word_1_259' title='bbox 1388 2889 1450 2953; x_wconf 87' lang='lat' dir='ltr'><strong>fra·</strong></span> 
     </span>
     <span class='ocr_line' id='line_1_27' title="bbox 218 2990 1453 3081; baseline -0.007 -18"><span class='ocrx_word' id='word_1_260' title='bbox 218 2998 319 3063; x_wconf 88' lang='lat' dir='ltr'><strong>tribus</strong></span> <span class='ocrx_word' id='word_1_261' title='bbox 341 3004 374 3063; x_wconf 89' lang='lat' dir='ltr'><strong>et</strong></span> <span class='ocrx_word' id='word_1_262' title='bbox 396 2996 536 3081; x_wconf 88' lang='lat' dir='ltr'><strong>cognatis</strong></span> <span class='ocrx_word' id='word_1_263' title='bbox 558 3006 591 3062; x_wconf 88' lang='lat' dir='ltr'><strong>et</strong></span> <span class='ocrx_word' id='word_1_264' title='bbox 612 2996 722 3061; x_wconf 91' lang='lat' dir='ltr'><strong>amicis</strong></span> <span class='ocrx_word' id='word_1_265' title='bbox 744 3003 776 3061; x_wconf 94' lang='lat' dir='ltr'><strong>et</strong></span> <span class='ocrx_word' id='word_1_266' title='bbox 798 3002 900 3061; x_wconf 86' lang='lat' dir='ltr'><strong>morte</strong></span> <span class='ocrx_word' id='word_1_267' title='bbox 929 2996 1077 3061; x_wconf 89' lang='lat' dir='ltr'><strong>adficient</strong></span> <span class='ocrx_word' id='word_1_268' title='bbox 1099 3019 1139 3060; x_wconf 86' lang='lat' dir='ltr'><strong>ex</strong></span> <span class='ocrx_word' id='word_1_269' title='bbox 1162 2994 1252 3059; x_wconf 86' lang='lat' dir='ltr'><strong>uobis</strong></span> <span class='ocrx_word' id='word_1_270' title='bbox 1267 2992 1293 3030; x_wconf 65' lang='lat'><strong>¹²</strong></span> <span class='ocrx_word' id='word_1_271' title='bbox 1308 3001 1340 3056; x_wconf 84' lang='lat' dir='ltr'><strong>et</strong></span> <span class='ocrx_word' id='word_1_272' title='bbox 1361 2990 1453 3055; x_wconf 86' lang='lat' dir='ltr'><strong>eritis</strong></span> 
     </span>
     <span class='ocr_line' id='line_1_28' title="bbox 218 3095 1454 3185; baseline -0.005 -21"><span class='ocrx_word' id='word_1_273' title='bbox 218 3099 289 3164; x_wconf 91' lang='lat' dir='ltr'><strong>odio</strong></span> <span class='ocrx_word' id='word_1_274' title='bbox 312 3098 458 3164; x_wconf 90' lang='lat' dir='ltr'><strong>omnibus</strong></span> <span class='ocrx_word' id='word_1_275' title='bbox 481 3100 661 3165; x_wconf 88' lang='lat' dir='ltr'><strong>hominibus</strong></span> <span class='ocrx_word' id='word_1_276' title='bbox 683 3106 810 3185; x_wconf 91' lang='lat' dir='ltr'><strong>propter</strong></span> <span class='ocrx_word' id='word_1_277' title='bbox 833 3122 948 3164; x_wconf 92' lang='lat' dir='ltr'><strong>nomen</strong></span> <span class='ocrx_word' id='word_1_278' title='bbox 972 3122 1076 3163; x_wconf 88' lang='lat' dir='ltr'><strong>meum</strong></span> <span class='ocrx_word' id='word_1_279' title='bbox 1091 3096 1163 3162; x_wconf 82' lang='lat' dir='ltr'><strong>18et</strong></span> <span class='ocrx_word' id='word_1_280' title='bbox 1185 3096 1318 3183; x_wconf 90' lang='lat' dir='ltr'><strong>capillus</strong></span> <span class='ocrx_word' id='word_1_281' title='bbox 1340 3095 1378 3159; x_wconf 90' lang='lat' dir='ltr'><strong>de</strong></span> <span class='ocrx_word' id='word_1_282' title='bbox 1401 3117 1454 3158; x_wconf 87' lang='lat' dir='ltr'><strong>ca-</strong></span> 
     </span>
     <span class='ocr_line' id='line_1_29' title="bbox 217 3200 1403 3289; baseline -0.004 -24"><span class='ocrx_word' id='word_1_283' title='bbox 217 3201 284 3289; x_wconf 90' lang='lat' dir='ltr'><strong>pite</strong></span> <span class='ocrx_word' id='word_1_284' title='bbox 306 3226 369 3267; x_wconf 90' lang='lat' dir='ltr'><strong>non</strong></span> <span class='ocrx_word' id='word_1_285' title='bbox 392 3201 515 3287; x_wconf 85' lang='lat' dir='ltr'><strong>peribit.</strong></span> <span class='ocrx_word' id='word_1_286' title='bbox 533 3201 560 3239; x_wconf 78' lang='lat'><strong>¹⁹</strong></span> <span class='ocrx_word' id='word_1_287' title='bbox 571 3202 606 3267; x_wconf 90' lang='lat' dir='ltr'><strong>in</strong></span> <span class='ocrx_word' id='word_1_288' title='bbox 628 3210 734 3267; x_wconf 89' lang='lat' dir='ltr'><strong>uestra</strong></span> <span class='ocrx_word' id='word_1_289' title='bbox 756 3200 912 3287; x_wconf 91' lang='lat' dir='ltr'><strong>patientia</strong></span> <span class='ocrx_word' id='word_1_290' title='bbox 934 3200 1109 3285; x_wconf 89' lang='lat' dir='ltr'><strong>adquiretis</strong></span> <span class='ocrx_word' id='word_1_291' title='bbox 1131 3200 1253 3264; x_wconf 88' lang='lat' dir='ltr'><strong>animas</strong></span> <span class='ocrx_word' id='word_1_292' title='bbox 1276 3204 1403 3263; x_wconf 85' lang='lat' dir='ltr'><strong>uestras.</strong></span> 
     </span>
    </p>

    <p class='ocr_par' dir='ltr' id='par_1_4' title="bbox 215 3298 1452 4721">
     <span class='ocr_line' id='line_1_30' title="bbox 303 3298 1447 3370; baseline -0.004 -3"><span class='ocrx_word' id='word_1_293' title='bbox 303 3304 414 3369; x_wconf 82' lang='lat' dir='ltr'>LXX.</span> <span class='ocrx_word' id='word_1_294' title='bbox 460 3303 487 3341; x_wconf 77' lang='lat'><strong>²⁰</strong></span> <span class='ocrx_word' id='word_1_295' title='bbox 531 3306 612 3370; x_wconf 82' lang='lat' dir='ltr'><strong>Oum</strong></span> <span class='ocrx_word' id='word_1_296' title='bbox 637 3313 741 3370; x_wconf 89' lang='lat' dir='ltr'><strong>autem</strong></span> <span class='ocrx_word' id='word_1_297' title='bbox 767 3302 911 3368; x_wconf 90' lang='lat' dir='ltr'><strong>uideritis</strong></span> <span class='ocrx_word' id='word_1_298' title='bbox 934 3302 1121 3369; x_wconf 90' lang='lat' dir='ltr'><strong>circumdari</strong></span> <span class='ocrx_word' id='word_1_299' title='bbox 1138 3304 1176 3367; x_wconf 90' lang='lat' dir='ltr'><strong>ab</strong></span> <span class='ocrx_word' id='word_1_300' title='bbox 1192 3301 1365 3367; x_wconf 87' lang='lat' dir='ltr'><strong>exercitum</strong></span> <span class='ocrx_word' id='word_1_301' title='bbox 1384 3298 1447 3363; x_wconf 90' lang='lat' dir='ltr'><strong>bie·</strong></span> 
     </span>
     <span class='ocr_line' id='line_1_31' title="bbox 217 3401 1448 3492; baseline -0.004 -22"><span class='ocrx_word' id='word_1_302' title='bbox 217 3407 353 3471; x_wconf 88' lang='lat' dir='ltr'><strong>rusalem</strong></span> <span class='ocrx_word' id='word_1_303' title='bbox 377 3415 453 3472; x_wconf 92' lang='lat' dir='ltr'><strong>tunc</strong></span> <span class='ocrx_word' id='word_1_304' title='bbox 475 3407 587 3473; x_wconf 89' lang='lat' dir='ltr'><strong>scitote</strong></span> <span class='ocrx_word' id='word_1_305' title='bbox 610 3406 685 3492; x_wconf 92' lang='lat' dir='ltr'><strong>quia</strong></span> <span class='ocrx_word' id='word_1_306' title='bbox 708 3405 909 3492; x_wconf 89' lang='lat' dir='ltr'><strong>adpropiauit</strong></span> <span class='ocrx_word' id='word_1_307' title='bbox 931 3404 1083 3470; x_wconf 88' lang='lat' dir='ltr'><strong>desolatio</strong></span> <span class='ocrx_word' id='word_1_308' title='bbox 1107 3403 1214 3469; x_wconf 73' lang='lat' dir='ltr'><strong>eius2¹</strong></span> <span class='ocrx_word' id='word_1_309' title='bbox 1227 3413 1303 3469; x_wconf 90' lang='lat' dir='ltr'><strong>tunc</strong></span> <span class='ocrx_word' id='word_1_310' title='bbox 1332 3402 1387 3487; x_wconf 93' lang='lat' dir='ltr'><strong>qui</strong></span> <span class='ocrx_word' id='word_1_311' title='bbox 1413 3401 1448 3465; x_wconf 90' lang='lat' dir='ltr'><strong>in</strong></span> 
     </span>
     <span class='ocr_line' id='line_1_32' title="bbox 216 3503 1452 3594; baseline -0.003 -22"><span class='ocrx_word' id='word_1_312' title='bbox 216 3508 331 3573; x_wconf 89' lang='lat' dir='ltr'><strong>iudaea</strong></span> <span class='ocrx_word' id='word_1_313' title='bbox 354 3517 428 3574; x_wconf 89' lang='lat' dir='ltr'><strong>sunt</strong></span> <span class='ocrx_word' id='word_1_314' title='bbox 450 3508 574 3594; x_wconf 82' lang='lat' dir='ltr'><strong>fugiant</strong></span> <span class='ocrx_word' id='word_1_315' title='bbox 596 3533 615 3574; x_wconf 90' lang='lat' dir='ltr'><strong>a</strong></span> <span class='ocrx_word' id='word_1_316' title='bbox 636 3509 718 3575; x_wconf 89' lang='lat' dir='ltr'><strong>facie</strong></span> <span class='ocrx_word' id='word_1_317' title='bbox 741 3509 809 3573; x_wconf 88' lang='lat' dir='ltr'><strong>eius</strong></span> <span class='ocrx_word' id='word_1_318' title='bbox 832 3507 865 3571; x_wconf 92' lang='lat' dir='ltr'><strong>in</strong></span> <span class='ocrx_word' id='word_1_319' title='bbox 894 3508 1053 3573; x_wconf 87' lang='lat' dir='ltr'><strong>montibus</strong></span> <span class='ocrx_word' id='word_1_320' title='bbox 1087 3508 1143 3592; x_wconf 91' lang='lat' dir='ltr'><strong>qui</strong></span> <span class='ocrx_word' id='word_1_321' title='bbox 1177 3508 1210 3571; x_wconf 91' lang='lat' dir='ltr'><strong>in</strong></span> <span class='ocrx_word' id='word_1_322' title='bbox 1241 3505 1345 3570; x_wconf 90' lang='lat' dir='ltr'><strong>medio</strong></span> <span class='ocrx_word' id='word_1_323' title='bbox 1380 3503 1452 3569; x_wconf 89' lang='lat' dir='ltr'><strong>eius</strong></span> 
     </span>
     <span class='ocr_line' id='line_1_33' title="bbox 217 3605 1449 3696; baseline -0.004 -20"><span class='ocrx_word' id='word_1_324' title='bbox 217 3610 357 3677; x_wconf 87' lang='lat' dir='ltr'><strong>discedat</strong></span> <span class='ocrx_word' id='word_1_325' title='bbox 380 3618 412 3677; x_wconf 87' lang='lat' dir='ltr'><strong>et</strong></span> <span class='ocrx_word' id='word_1_326' title='bbox 434 3610 489 3696; x_wconf 90' lang='lat' dir='ltr'><strong>qui</strong></span> <span class='ocrx_word' id='word_1_327' title='bbox 512 3611 546 3676; x_wconf 90' lang='lat' dir='ltr'><strong>in</strong></span> <span class='ocrx_word' id='word_1_328' title='bbox 568 3611 748 3696; x_wconf 88' lang='lat' dir='ltr'><strong>regionibus</strong></span> <span class='ocrx_word' id='word_1_329' title='bbox 771 3634 834 3675; x_wconf 91' lang='lat' dir='ltr'><strong>non</strong></span> <span class='ocrx_word' id='word_1_330' title='bbox 856 3609 978 3675; x_wconf 90' lang='lat' dir='ltr'><strong>intrent</strong></span> <span class='ocrx_word' id='word_1_331' title='bbox 999 3609 1034 3674; x_wconf 89' lang='lat' dir='ltr'><strong>in</strong></span> <span class='ocrx_word' id='word_1_332' title='bbox 1058 3633 1127 3674; x_wconf 90' lang='lat' dir='ltr'><strong>eam</strong></span> <span class='ocrx_word' id='word_1_333' title='bbox 1141 3608 1252 3694; x_wconf 72' lang='lat' dir='ltr'><strong>²⁹quia</strong></span> <span class='ocrx_word' id='word_1_334' title='bbox 1275 3607 1341 3672; x_wconf 91' lang='lat' dir='ltr'><strong>dies</strong></span> <span class='ocrx_word' id='word_1_335' title='bbox 1356 3605 1449 3671; x_wconf 90' lang='lat' dir='ltr'><strong>ultio·</strong></span> 
     </span>
     <span class='ocr_line' id='line_1_34' title="bbox 216 3710 1450 3800; baseline -0.002 -22"><span class='ocrx_word' id='word_1_336' title='bbox 216 3714 266 3779; x_wconf 90' lang='lat' dir='ltr'><strong>nis</strong></span> <span class='ocrx_word' id='word_1_337' title='bbox 289 3714 322 3778; x_wconf 94' lang='lat' dir='ltr'><strong>hi</strong></span> <span class='ocrx_word' id='word_1_338' title='bbox 345 3722 419 3779; x_wconf 90' lang='lat' dir='ltr'><strong>sunt</strong></span> <span class='ocrx_word' id='word_1_339' title='bbox 441 3724 477 3780; x_wconf 92' lang='lat' dir='ltr'><strong>ut</strong></span> <span class='ocrx_word' id='word_1_340' title='bbox 499 3714 681 3800; x_wconf 86' lang='lat' dir='ltr'><strong>inpleantur</strong></span> <span class='ocrx_word' id='word_1_341' title='bbox 703 3714 810 3778; x_wconf 89' lang='lat' dir='ltr'><strong>omnia</strong></span> <span class='ocrx_word' id='word_1_342' title='bbox 832 3736 915 3799; x_wconf 91' lang='lat' dir='ltr'><strong>quae</strong></span> <span class='ocrx_word' id='word_1_343' title='bbox 937 3712 1054 3797; x_wconf 88' lang='lat' dir='ltr'><strong>scripta</strong></span> <span class='ocrx_word' id='word_1_344' title='bbox 1076 3716 1156 3776; x_wconf 92' lang='lat' dir='ltr'><strong>sunt.</strong></span> <span class='ocrx_word' id='word_1_345' title='bbox 1173 3710 1271 3775; x_wconf 80' lang='lat' dir='ltr'><strong>’¹³uae</strong></span> <span class='ocrx_word' id='word_1_346' title='bbox 1292 3710 1343 3775; x_wconf 89' lang='lat' dir='ltr'><strong>his</strong></span> <span class='ocrx_word' id='word_1_347' title='bbox 1365 3733 1450 3794; x_wconf 89' lang='lat' dir='ltr'><strong>quae</strong></span> 
     </span>
     <span class='ocr_line' id='line_1_35' title="bbox 216 3813 1446 3899; baseline -0.004 -18"><span class='ocrx_word' id='word_1_348' title='bbox 216 3816 251 3881; x_wconf 93' lang='lat' dir='ltr'><strong>in</strong></span> <span class='ocrx_word' id='word_1_349' title='bbox 273 3825 363 3882; x_wconf 90' lang='lat' dir='ltr'><strong>utero</strong></span> <span class='ocrx_word' id='word_1_350' title='bbox 385 3818 504 3882; x_wconf 87' lang='lat' dir='ltr'><strong>habent</strong></span> <span class='ocrx_word' id='word_1_351' title='bbox 525 3826 557 3881; x_wconf 93' lang='lat' dir='ltr'><strong>et</strong></span> <span class='ocrx_word' id='word_1_352' title='bbox 579 3818 676 3881; x_wconf 90' lang='lat' dir='ltr'><strong>ubero</strong></span> <span class='ocrx_word' id='word_1_353' title='bbox 698 3817 774 3881; x_wconf 91' lang='lat' dir='ltr'><strong>dant</strong></span> <span class='ocrx_word' id='word_1_354' title='bbox 796 3815 829 3879; x_wconf 91' lang='lat' dir='ltr'><strong>in</strong></span> <span class='ocrx_word' id='word_1_355' title='bbox 852 3814 917 3880; x_wconf 89' lang='lat' dir='ltr'><strong>illis</strong></span> <span class='ocrx_word' id='word_1_356' title='bbox 939 3814 1049 3879; x_wconf 89' lang='lat' dir='ltr'><strong>diebus</strong></span> <span class='ocrx_word' id='word_1_357' title='bbox 1072 3813 1133 3878; x_wconf 84' lang='lat' dir='ltr'><strong>crit</strong></span> <span class='ocrx_word' id='word_1_358' title='bbox 1154 3814 1206 3878; x_wconf 89' lang='lat' dir='ltr'><strong>eni</strong></span> <span class='ocrx_word' id='word_1_359' title='bbox 1221 3835 1315 3899; x_wconf 87' lang='lat' dir='ltr'><strong>supra</strong></span> <span class='ocrx_word' id='word_1_360' title='bbox 1330 3819 1446 3877; x_wconf 88' lang='lat' dir='ltr'><strong>terram</strong></span> 
     </span>
     <span class='ocr_line' id='line_1_36' title="bbox 216 3914 1452 4005; baseline -0.002 -23"><span class='ocrx_word' id='word_1_361' title='bbox 216 3942 361 4005; x_wconf 78' lang='lat' dir='ltr'><strong>pressura</strong></span> <span class='ocrx_word' id='word_1_362' title='bbox 384 3942 496 4004; x_wconf 86' lang='lat' dir='ltr'><strong>magna</strong></span> <span class='ocrx_word' id='word_1_363' title='bbox 520 3927 551 3984; x_wconf 90' lang='lat' dir='ltr'><strong>et</strong></span> <span class='ocrx_word' id='word_1_364' title='bbox 573 3918 620 3984; x_wconf 87' lang='lat' dir='ltr'><strong>ira</strong></span> <span class='ocrx_word' id='word_1_365' title='bbox 641 3919 758 4005; x_wconf 93' lang='lat' dir='ltr'><strong>populo</strong></span> <span class='ocrx_word' id='word_1_366' title='bbox 788 3918 872 3982; x_wconf 77' lang='lat' dir='ltr'><strong>huic·</strong></span> <span class='ocrx_word' id='word_1_367' title='bbox 888 3916 960 3982; x_wconf 76' lang='lat' dir='ltr'><strong>&#39;‘et</strong></span> <span class='ocrx_word' id='word_1_368' title='bbox 992 3918 1104 3982; x_wconf 88' lang='lat' dir='ltr'><strong>cadent</strong></span> <span class='ocrx_word' id='word_1_369' title='bbox 1133 3916 1166 3980; x_wconf 93' lang='lat' dir='ltr'><strong>in</strong></span> <span class='ocrx_word' id='word_1_370' title='bbox 1199 3938 1253 3980; x_wconf 92' lang='lat' dir='ltr'><strong>ore</strong></span> <span class='ocrx_word' id='word_1_371' title='bbox 1285 3914 1382 3999; x_wconf 86' lang='lat' dir='ltr'><strong>gladii</strong></span> <span class='ocrx_word' id='word_1_372' title='bbox 1415 3923 1452 3980; x_wconf 88' lang='lat' dir='ltr'><strong>et</strong></span> 
     </span>
     <span class='ocr_line' id='line_1_37' title="bbox 216 4016 1448 4108; baseline -0.005 -21"><span class='ocrx_word' id='word_1_373' title='bbox 216 4022 298 4108; x_wconf 87' lang='lat' dir='ltr'><strong>capti</strong></span> <span class='ocrx_word' id='word_1_374' title='bbox 321 4021 477 4086; x_wconf 89' lang='lat' dir='ltr'><strong>ducentur</strong></span> <span class='ocrx_word' id='word_1_375' title='bbox 498 4020 532 4085; x_wconf 92' lang='lat' dir='ltr'><strong>in</strong></span> <span class='ocrx_word' id='word_1_376' title='bbox 555 4020 701 4087; x_wconf 89' lang='lat' dir='ltr'><strong>omnibus</strong></span> <span class='ocrx_word' id='word_1_377' title='bbox 723 4020 870 4105; x_wconf 86' lang='lat' dir='ltr'><strong>gentibus</strong></span> <span class='ocrx_word' id='word_1_378' title='bbox 893 4032 926 4085; x_wconf 93' lang='lat' dir='ltr'><strong>et</strong></span> <span class='ocrx_word' id='word_1_379' title='bbox 946 4019 1136 4085; x_wconf 87' lang='lat' dir='ltr'><strong>hierusalem</strong></span> <span class='ocrx_word' id='word_1_380' title='bbox 1161 4016 1333 4083; x_wconf 88' lang='lat' dir='ltr'><strong>calcabitur</strong></span> <span class='ocrx_word' id='word_1_381' title='bbox 1355 4041 1373 4080; x_wconf 91' lang='lat' dir='ltr'><strong>a</strong></span> <span class='ocrx_word' id='word_1_382' title='bbox 1395 4041 1448 4082; x_wconf 90' lang='lat' dir='ltr'><strong>na·</strong></span> 
     </span>
     <span class='ocr_line' id='line_1_38' title="bbox 215 4119 1446 4209; baseline -0.004 -20"><span class='ocrx_word' id='word_1_383' title='bbox 215 4123 355 4189; x_wconf 90' lang='lat' dir='ltr'><strong>tionibus</strong></span> <span class='ocrx_word' id='word_1_384' title='bbox 377 4124 452 4189; x_wconf 91' lang='lat' dir='ltr'><strong>dum</strong></span> <span class='ocrx_word' id='word_1_385' title='bbox 475 4123 655 4209; x_wconf 89' lang='lat' dir='ltr'><strong>inpleantur</strong></span> <span class='ocrx_word' id='word_1_386' title='bbox 676 4128 820 4209; x_wconf 87' lang='lat' dir='ltr'><strong>tempora</strong></span> <span class='ocrx_word' id='word_1_387' title='bbox 842 4122 995 4206; x_wconf 89' lang='lat' dir='ltr'><strong>gentium.</strong></span> <span class='ocrx_word' id='word_1_388' title='bbox 1043 4120 1072 4160; x_wconf 72' lang='lat'><strong>²⁶</strong></span> <span class='ocrx_word' id='word_1_389' title='bbox 1113 4122 1158 4185; x_wconf 82' lang='lat' dir='ltr'><strong>Et</strong></span> <span class='ocrx_word' id='word_1_390' title='bbox 1181 4126 1275 4184; x_wconf 86' lang='lat' dir='ltr'><strong>erunt</strong></span> <span class='ocrx_word' id='word_1_391' title='bbox 1296 4119 1386 4204; x_wconf 88' lang='lat' dir='ltr'><strong>signa</strong></span> <span class='ocrx_word' id='word_1_392' title='bbox 1412 4121 1446 4184; x_wconf 91' lang='lat' dir='ltr'><strong>in</strong></span> 
     </span>
     <span class='ocr_line' id='line_1_39' title="bbox 215 4220 1447 4311; baseline -0.004 -18"><span class='ocrx_word' id='word_1_393' title='bbox 215 4227 281 4293; x_wconf 89' lang='lat' dir='ltr'><strong>sole</strong></span> <span class='ocrx_word' id='word_1_394' title='bbox 304 4236 335 4293; x_wconf 90' lang='lat' dir='ltr'><strong>et</strong></span> <span class='ocrx_word' id='word_1_395' title='bbox 357 4229 432 4291; x_wconf 92' lang='lat' dir='ltr'><strong>luna</strong></span> <span class='ocrx_word' id='word_1_396' title='bbox 455 4232 488 4290; x_wconf 94' lang='lat' dir='ltr'><strong>et</strong></span> <span class='ocrx_word' id='word_1_397' title='bbox 510 4224 609 4291; x_wconf 92' lang='lat' dir='ltr'><strong>stellis</strong></span> <span class='ocrx_word' id='word_1_398' title='bbox 632 4227 720 4291; x_wconf 92' lang='lat' dir='ltr'><strong>etin</strong></span> <span class='ocrx_word' id='word_1_399' title='bbox 743 4224 835 4290; x_wconf 88' lang='lat' dir='ltr'><strong>terris</strong></span> <span class='ocrx_word' id='word_1_400' title='bbox 857 4246 1004 4311; x_wconf 86' lang='lat' dir='ltr'><strong>pressura</strong></span> <span class='ocrx_word' id='word_1_401' title='bbox 1026 4223 1148 4308; x_wconf 67' lang='lat' dir='ltr'><strong>getium</strong></span> <span class='ocrx_word' id='word_1_402' title='bbox 1178 4245 1234 4307; x_wconf 92' lang='lat' dir='ltr'><strong>pre</strong></span> <span class='ocrx_word' id='word_1_403' title='bbox 1264 4220 1447 4288; x_wconf 86' lang='lat' dir='ltr'><strong>confusione</strong></span> 
     </span>
     <span class='ocr_line' id='line_1_40' title="bbox 215 4323 1447 4408; baseline -0.006 -13"><span class='ocrx_word' id='word_1_404' title='bbox 215 4331 337 4396; x_wconf 88' lang='lat' dir='ltr'><strong>sonitus</strong></span> <span class='ocrx_word' id='word_1_405' title='bbox 360 4328 455 4393; x_wconf 88' lang='lat' dir='ltr'><strong>maris</strong></span> <span class='ocrx_word' id='word_1_406' title='bbox 479 4335 510 4392; x_wconf 90' lang='lat' dir='ltr'><strong>et</strong></span> <span class='ocrx_word' id='word_1_407' title='bbox 532 4328 686 4393; x_wconf 89' lang='lat' dir='ltr'><strong>fluctuum</strong></span> <span class='ocrx_word' id='word_1_408' title='bbox 699 4326 726 4366; x_wconf 78' lang='lat'><strong>²⁸</strong></span> <span class='ocrx_word' id='word_1_409' title='bbox 738 4327 953 4393; x_wconf 85' lang='lat' dir='ltr'><strong>arescentibus</strong></span> <span class='ocrx_word' id='word_1_410' title='bbox 976 4324 1159 4390; x_wconf 88' lang='lat' dir='ltr'><strong>hominibus</strong></span> <span class='ocrx_word' id='word_1_411' title='bbox 1182 4346 1237 4408; x_wconf 90' lang='lat' dir='ltr'><strong>pre</strong></span> <span class='ocrx_word' id='word_1_412' title='bbox 1260 4323 1373 4388; x_wconf 91' lang='lat' dir='ltr'><strong>timore</strong></span> <span class='ocrx_word' id='word_1_413' title='bbox 1394 4347 1447 4387; x_wconf 87' lang='lat' dir='ltr'><strong>ex-</strong></span> 
     </span>
     <span class='ocr_line' id='line_1_41' title="bbox 215 4425 1449 4519; baseline -0.006 -21"><span class='ocrx_word' id='word_1_414' title='bbox 215 4434 394 4519; x_wconf 88' lang='lat' dir='ltr'><strong>pectatione</strong></span> <span class='ocrx_word' id='word_1_415' title='bbox 417 4454 498 4515; x_wconf 88' lang='lat' dir='ltr'><strong>quae</strong></span> <span class='ocrx_word' id='word_1_416' title='bbox 521 4430 747 4516; x_wconf 90' lang='lat' dir='ltr'><strong>superuenient</strong></span> <span class='ocrx_word' id='word_1_417' title='bbox 775 4430 925 4495; x_wconf 90' lang='lat' dir='ltr'><strong>uniuerso</strong></span> <span class='ocrx_word' id='word_1_418' title='bbox 954 4428 1030 4493; x_wconf 91' lang='lat' dir='ltr'><strong>orbi.</strong></span> <span class='ocrx_word' id='word_1_419' title='bbox 1076 4427 1161 4491; x_wconf 89' lang='lat' dir='ltr'><strong>Nam</strong></span> <span class='ocrx_word' id='word_1_420' title='bbox 1196 4425 1332 4491; x_wconf 89' lang='lat' dir='ltr'><strong>uirtutes</strong></span> <span class='ocrx_word' id='word_1_421' title='bbox 1364 4448 1449 4510; x_wconf 92' lang='lat' dir='ltr'><strong>quae</strong></span> 
     </span>
     <span class='ocr_line' id='line_1_42' title="bbox 215 4527 1448 4601; baseline -0.005 -2"><span class='ocrx_word' id='word_1_422' title='bbox 215 4535 249 4599; x_wconf 94' lang='lat' dir='ltr'><strong>in</strong></span> <span class='ocrx_word' id='word_1_423' title='bbox 272 4541 355 4601; x_wconf 88' lang='lat' dir='ltr'><strong>caelo</strong></span> <span class='ocrx_word' id='word_1_424' title='bbox 378 4540 453 4599; x_wconf 91' lang='lat' dir='ltr'><strong>sunt</strong></span> <span class='ocrx_word' id='word_1_425' title='bbox 475 4539 697 4597; x_wconf 85' lang='lat' dir='ltr'><strong>mouebantur.</strong></span> <span class='ocrx_word' id='word_1_426' title='bbox 743 4530 769 4570; x_wconf 77' lang='lat'><strong>²⁷</strong></span> <span class='ocrx_word' id='word_1_427' title='bbox 813 4533 857 4597; x_wconf 80' lang='lat' dir='ltr'><strong>Et</strong></span> <span class='ocrx_word' id='word_1_428' title='bbox 879 4541 956 4598; x_wconf 89' lang='lat' dir='ltr'><strong>tunc</strong></span> <span class='ocrx_word' id='word_1_429' title='bbox 983 4529 1138 4596; x_wconf 81' lang='lat' dir='ltr'><strong>uidebant</strong></span> <span class='ocrx_word' id='word_1_430' title='bbox 1172 4527 1272 4593; x_wconf 90' lang='lat' dir='ltr'><strong>filium</strong></span> <span class='ocrx_word' id='word_1_431' title='bbox 1307 4527 1448 4593; x_wconf 86' lang='lat' dir='ltr'><strong>hominis</strong></span> 
     </span>
     <span class='ocr_line' id='line_1_43' title="bbox 215 4628 1445 4721; baseline -0.005 -20"><span class='ocrx_word' id='word_1_432' title='bbox 215 4637 375 4702; x_wconf 69' lang='lat' dir='ltr'><strong>uenictem</strong></span> <span class='ocrx_word' id='word_1_433' title='bbox 398 4637 430 4700; x_wconf 89' lang='lat' dir='ltr'><strong>in</strong></span> <span class='ocrx_word' id='word_1_434' title='bbox 455 4634 589 4700; x_wconf 91' lang='lat' dir='ltr'><strong>nubibus</strong></span> <span class='ocrx_word' id='word_1_435' title='bbox 609 4658 681 4700; x_wconf 90' lang='lat' dir='ltr'><strong>cum</strong></span> <span class='ocrx_word' id='word_1_436' title='bbox 697 4643 853 4721; x_wconf 86' lang='lat' dir='ltr'><strong>potestate</strong></span> <span class='ocrx_word' id='word_1_437' title='bbox 869 4658 983 4721; x_wconf 89' lang='lat' dir='ltr'><strong>magna</strong></span> <span class='ocrx_word' id='word_1_438' title='bbox 999 4642 1029 4698; x_wconf 90' lang='lat' dir='ltr'><strong>et</strong></span> <span class='ocrx_word' id='word_1_439' title='bbox 1045 4631 1220 4697; x_wconf 83' lang='lat' dir='ltr'><strong>maiestate.</strong></span> <span class='ocrx_word' id='word_1_440' title='bbox 1235 4628 1262 4667; x_wconf 84' lang='lat'><strong>²⁸</strong></span> <span class='ocrx_word' id='word_1_441' title='bbox 1272 4629 1322 4695; x_wconf 91' lang='lat' dir='ltr'><strong>bis</strong></span> <span class='ocrx_word' id='word_1_442' title='bbox 1338 4638 1445 4697; x_wconf 90' lang='lat' dir='ltr'><strong>autem</strong></span> 
     </span>
    </p>
   </div>
   <div class='ocr_carea' id='block_1_3' title="bbox 0 0 1738 5192">
    <p class='ocr_par' dir='ltr' id='par_1_5' title="bbox 0 0 1738 5192">
     <span class='ocr_line' id='line_1_44' title="bbox 0 0 1738 5192; baseline 0 3"><span class='ocrx_word' id='word_1_443' title='bbox 0 0 1738 5192; x_wconf 95' lang='lat' dir='ltr'><strong> </strong></span> 
     </span>
    </p>
   </div>
  </div>
 </body>
</html>
