3467 5192
296 313 337 376 14
716 315 744 379 (e
773 314 819 380 20)
839 316 1018 382 euangelium
1042 333 1098 370 sec.

294 481 424 568 potestis
446 483 552 550 bibere
574 483 702 550 calicem
726 508 820 569 quern
843 510 901 571 ego
928 487 1083 552 bibiturus
1107 511 1186 552 sum.
1213 487 1322 554 dicunt
1345 489 1384 554 ei.
1413 513 1519 576 possu-

293 609 372 652 mus.
396 583 421 621 ²³
445 586 504 651 Ait
526 585 588 651 illis
611 587 671 652 ihs.
696 587 825 654 calicem
850 589 978 674 quidem
1007 614 1112 655 meum
1139 590 1254 656 bibetis
1282 591 1390 656 sedere
1410 599 1516 658 autern

293 686 331 751 ad
355 687 496 752 dextram
520 713 622 754 meam
644 692 698 754 uel
720 690 759 754 ad
781 689 942 756 sinistram
968 715 1030 756 nou
1053 697 1100 757 est
1122 716 1226 757 meum
1250 693 1324 758 dare
1351 695 1440 760 uobis
1461 696 1516 760 sed

293 789 406 874 quibus
429 802 571 876 paratum
595 799 642 858 est
664 802 793 878 epatre
815 817 896 858 meo.
929 792 956 830 ⁹⁴
988 795 1032 858 Et
1046 794 1210 860 audientes
1221 795 1327 860 decem
1341 797 1519 862 contristati

292 899 366 958 sunt
389 893 427 958 de
450 893 569 959 duobus
590 894 749 960 fratribus.
774 893 801 932 33
822 896 881 960 Ihs
904 907 1010 962 autem
1033 896 1161 962 uocauit
1183 919 1236 962 eos
1266 897 1304 961 ad
1334 921 1367 963 se
1396 910 1428 962 et
1460 899 1514 963 ait.

292 993 388 1062 Scitis
418 996 501 1080 quod
523 996 678 1083 principes
700 997 842 1082 gentium
865 997 1067 1065 dominantur
1088 1022 1204 1064 eorum.
1238 999 1282 1065 Et
1304 1001 1359 1086 qui
1381 1002 1517 1067 maiores

291 1103 365 1163 sunt
385 1104 573 1184 potestatem
595 1100 711 1165 habent
727 1100 759 1164 in
777 1104 832 1166 eis.
847 1098 875 1140 ²⁶
885 1099 968 1167 inter
985 1125 1039 1166 uos
1055 1107 1159 1166 autem
1173 1125 1236 1166 non
1252 1101 1312 1167 erit
1322 1103 1366 1167 sic
1379 1103 1434 1167 sed
1448 1103 1514 1187 qui-

291 1223 429 1285 qumque
451 1201 588 1266 uoluerit
605 1200 687 1266 inter
703 1225 759 1267 uos
771 1203 949 1269 maiorfieri
961 1203 1137 1269 erituester
1156 1204 1309 1270 minister.
1339 1203 1367 1242 33
1393 1205 1437 1270 Εῖ
1459 1205 1517 1291 qui

290 1302 426 1368 uoluerit
447 1303 532 1368 inter
553 1326 609 1368 uos
631 1305 752 1389 primus
775 1327 843 1371 esse
866 1304 927 1370 erit
949 1315 1055 1372 uester
1076 1329 1195 1372 seruus.
1210 1305 1328 1372 2⁸sicut
1357 1307 1441 1372 filius
1462 1308 1514 1374 ho-

290 1405 384 1470 minis
409 1406 481 1487 [non
504 1406 592 1470 uenit
614 1405 798 1489 minisltrari
820 1408 875 1473 sed
898 1407 1077 1472 ministrare
1099 1416 1132 1474 θῖ
1154 1408 1229 1472 dare
1255 1409 1394 1474 animam
1424 1433 1513 1475 suam

288 1506 536 1593 redemptionem
554 1501 612 1594 pri>
629 1509 746 1574 multis.
769 1532 825 1574 uos
841 1521 948 1575 autem
965 1509 1115 1596 quaeritis
1132 1510 1170 1575 de
1196 1511 1310 1596 pusillo
1325 1535 1463 1577 crescere
1482 1524 1515 1577 et

287 1611 325 1676 de
348 1609 466 1676 maiore
489 1609 624 1676 minores
648 1633 725 1678 esse.
770 1611 931 1677 Intrantes
954 1624 1059 1678 autem
1083 1624 1114 1676 et
1137 1613 1237 1698 rogati
1259 1615 1298 1678 ad
1322 1637 1431 1679 cenam
1460 1637 1513 1678 no·

283 1711 340 1778 lite
362 1711 545 1777 recumbere
567 1712 807 1779 eminetioribus
829 1713 906 1780 locis
929 1739 969 1780 ne
991 1715 1072 1780 forte
1105 1713 1216 1781 clarior
1249 1722 1281 1780 te
1309 1715 1516 1803 superueniat

285 1819 317 1881 et
347 1814 501 1880 adcedens
534 1815 588 1899 qui
621 1823 653 1881 te
688 1817 727 1880 ed
761 1840 870 1881 cenam
893 1816 1020 1882 uocauit
1042 1816 1126 1882 dicat
1147 1817 1206 1883 tibi
1231 1818 1334 1883 adhuc
1366 1819 1511 1886 deorsum

286 1917 400 1982 adsede
423 1924 454 1983 et
476 1917 685 1984 confundaris.
733 1917 769 1985 Si
791 1927 896 1984 autem
927 1919 961 1983 in
991 1926 1057 1984 loco
1089 1919 1238 1984 inferiore
1266 1921 1446 1987 recubueris
1479 1929 1512 1988 et

280 2020 498 2106 superuenerit
524 2020 675 2085 humilior
697 2028 728 2085 te
751 2021 828 2086 dicit
850 2021 909 2086 tibi
933 2021 987 2106 qui
1010 2033 1041 2085 te
1063 2022 1190 2087 uocabit
1204 2023 1243 2087 ad
1260 2046 1370 2088 cenam
1396 2023 1514 2089 adcede

283 2121 385 2186 adhuc
407 2121 549 2208 superior
572 2132 603 2188 et
626 2122 687 2188 erit
708 2124 768 2188 hoc
791 2123 849 2188 tibi
872 2123 991 2188 utilius.

367 2224 460 2289 LIX.
486 2222 513 2261 ²⁹
534 2224 579 2290 nt
602 2225 835 2310 egredientibus
858 2226 922 2290 illis
944 2227 983 2291 ab
998 2225 1117 2291 iericho
1140 2236 1248 2293 secuta
1267 2235 1316 2292 est
1331 2252 1402 2293 eum
1419 2229 1514 2293 turba

284 2327 394 2391 multe.
418 2324 446 2363 33
467 2328 511 2392 Εῖ
533 2337 604 2392 ecce
628 2327 688 2393 duo
714 2328 798 2393 caeci
820 2329 965 2394 sedentes
991 2351 1079 2394 secus
1108 2328 1192 2393 uiam
1227 2329 1395 2395 audierunt
1427 2330 1511 2416 quod

284 2428 335 2493 ihs
368 2427 481 2494 transit
514 2430 777 2495 exclamauerunt
799 2427 938 2496 diceutes
964 2430 1112 2496 miserere
1143 2431 1232 2496 nobis
1264 2433 1310 2496 fili
1344 2431 1447 2498 dauid.
1482 2430 1509 2468 ³¹

279 2532 387 2597 Turba
411 2540 517 2597 autem
540 2531 746 2618 increpabant
769 2556 821 2598 eos
844 2544 880 2598 ut
902 2541 1054 2599 tacerunt.
1078 2533 1117 2597 ad
1140 2533 1188 2597 illi
1216 2533 1315 2618 magis
1333 2535 1512 2600 clamabant

282 2630 430 2699 dicentes.
455 2634 602 2700 miserere
627 2635 715 2699 nobis
739 2635 810 2699 dr'r're
832 2635 878 2699 fili
900 2635 1004 2700 dauid.
1029 2633 1056 2673 33
1079 2637 1122 2701 Elt
1143 2636 1231 2701 stetit
1253 2636 1303 2700 ihs
1331 2643 1363 2702 et
1381 2638 1509 2702 uocauit

283 2760 336 2803 eos
359 2745 391 2802 et
412 2736 458 2801 ait
479 2735 551 2802 illis.
576 2735 652 2820 quid
675 2737 774 2802 uultis
796 2746 831 2801 ut
853 2736 967 2803 faciam
990 2737 1089 2803 uobis.
1113 2734 1140 2774 33
1163 2737 1285 2804 Dicunt
1306 2738 1354 2803 illi
1374 2740 1447 2804 dffle
1472 2750 1512 2803 ut

282 2840 464 2927 aperiantur
487 2838 569 2903 oculi
592 2837 699 2904 nostri.
715 2836 742 2875 ³⁴
753 2839 898 2905 misertus
921 2847 1026 2906 autem
1049 2839 1113 2905 illis
1136 2839 1187 2904 ihs
1209 2839 1315 2925 tetigit
1337 2842 1506 2906 oculoseo·

283 2967 353 3008 rum
376 2949 408 3007 et
430 2939 594 3008 confestim
617 2925 767 3006 uiderunt
789 2950 821 3006 et
843 2943 943 3009 secuti
967 2948 1040 3008 sunt
1062 2967 1144 3007 eum.

366 3043 441 3108 LX.
466 3046 503 3123 (c.
529 3043 582 3124 21)
605 3041 616 3078 ¹
639 3043 683 3108 Elt
705 3067 776 3108 cum
798 3044 1128 3131 adpropinquasselnlt
1155 3043 1376 3130 hierosolymis
1399 3052 1430 3110 et
1452 3069 1508 3111 ue·

282 3145 428 3228 nisselnlt
449 3145 481 3210 in
503 3145 681 3230 bethphage
703 3145 738 3210 in
760 3154 900 3211 montem
924 3147 1034 3212 oliueti
1056 3158 1132 3212 tunc
1154 3137 1205 3211 {hs
1235 3145 1322 3213 misit
1343 3147 1422 3213 duos
1444 3147 1504 3213 dis·

282 3247 401 3336 cipulos
415 3247 544 3312 8dicens
567 3246 611 3312 ite
633 3247 665 3311 in
690 3249 851 3313 castellum
876 3250 959 3334 quod
986 3257 1093 3315 contra
1117 3273 1173 3315 uos
1201 3258 1249 3314 est
1278 3260 1309 3314 et
1338 3249 1507 3316 confestim
1604 3268 1608 3277 “

281 3349 451 3415 inuenietis
474 3349 592 3414 asinam
616 3349 775 3434 alligatam
799 3363 829 3416 et
851 3351 976 3438 pullum
998 3348 1076 3417 cum'
1092 3375 1137 3416 ea.
1161 3351 1276 3417 soluite
1294 3358 1327 3417 et
1358 3352 1507 3417 adducite

281 3450 369 3517 mihi.
383 3449 395 3488 3
408 3463 439 3518 θῖ
461 3450 488 3517 si
510 3449 581 3536 quis
602 3451 692 3518 uobis
715 3452 834 3539 aliquid
857 3453 974 3519 dixerit
995 3453 1090 3519 dicite
1113 3453 1187 3540 quia
1217 3454 1286 3518 dms
1305 3477 1431 3540 operam
1454 3476 1505 3518 eo·

279 3579 349 3619 rum
372 3553 530 3619 disiderat.
554 3561 586 3620 et
608 3553 774 3621 confestim
797 3555 937 3621 dimittet
959 3579 1020 3621 eos.
1044 3556 1058 3593 ⁴
1079 3555 1152 3621 Hoc
1182 3563 1288 3622 autem
1308 3563 1410 3621 totum
1440 3555 1504 3620 fac·

280 3664 418 3723 tumeat
451 3664 486 3721 ut
518 3656 692 3742 inpleretur
714 3657 796 3742 quod
819 3657 937 3722 dictum
968 3667 1015 3724 est
1036 3681 1091 3744 per
1124 3657 1276 3744 profetam
1309 3655 1509 3724 dicentem.⁵

280 3759 376 3825 dicite
398 3760 482 3823 filiae
505 3759 581 3824 sion.
606 3782 679 3825 ecce
701 3784 758 3824 rex
779 3765 853 3824 tuus
877 3760 966 3826 uenit
976 3760 1036 3825 tibi
1061 3766 1245 3826 mansuetus
1270 3760 1383 3825 sedens
1410 3783 1508 3846 super

280 3861 398 3928 asinam
422 3873 454 3927 et
476 3862 597 3948 pullum
619 3860 783 3927 nouellum
806 3861 1012 3948 subiugalem.
1038 3863 1050 3901 ⁶
1075 3864 1199 3929 Euntes
1218 3872 1323 3928 autem
1356 3861 1507 3949 discipuli

278 3964 420 4030 fecerunt
441 3965 522 4030 sicut
544 3964 685 4051 precepit
707 3962 770 4028 illis
792 3966 843 4028 ihs
857 3963 913 4030 let
942 3965 1141 4030 adduxerunt
1167 3964 1288 4030 asinam
1319 3972 1351 4032 et
1380 3967 1502 4053 pullum

279 4073 310 4131 et
331 4065 548 4153 imposuerunt
574 4091 667 4152 super
699 4089 770 4130 eum
803 4067 972 4133 uestimeta
1006 4078 1037 4133 et
1059 4069 1188 4133 sedebat
1209 4091 1303 4153 super
1328 4079 1370 4134 eu
1392 4070 1454 4133 ihs.
1489 4065 1506 4104 3

278 4170 422 4234 Plurima
444 4178 549 4233 autem
572 4170 663 4233 turba
686 4169 925 4234 substrauerunt
947 4171 1136 4236 uestimenta
1159 4192 1215 4234 sua
1235 4169 1268 4234 in
1291 4171 1352 4236 uia.
1384 4171 1504 4235 aliiau·

277 4280 341 4336 tem
365 4272 518 4336 cedebant
539 4294 641 4336 ramos
663 4271 701 4335 de
724 4271 885 4338 arboribus
908 4279 939 4336 et
961 4279 1141 4337 strauerunt
1163 4272 1197 4336 in
1218 4271 1308 4337 uia.9
1325 4273 1436 4338 turbae
1447 4296 1500 4338 au·

277 4382 340 4438 tem
375 4397 455 4458 quae
488 4373 696 4460 precedebant
729 4383 760 4438 et
793 4397 873 4459 quae
907 4375 1118 4460 sequebantur
1151 4375 1328 4440 clamabant
1361 4375 1505 4441 dicentes

277 4498 393 4541 osanna
415 4474 480 4541 filio
503 4475 607 4540 dauid.
631 4476 813 4541 benedictus
836 4476 890 4560 qui
913 4476 1003 4541 uenit
1025 4477 1058 4541 in
1081 4477 1210 4541 nomine
1227 4475 1301 4540 dmi.
1330 4499 1448 4541 osanna
1467 4476 1501 4541 in

276 4576 445 4642 altissimis.
470 4575 498 4613 ¹⁰
518 4577 562 4642 Εῖ
584 4601 654 4642 cum
677 4578 824 4644 intrasset
845 4577 1054 4643 hierosolimis
1066 4588 1210 4644 conmota
1228 4588 1275 4643 est
1298 4579 1448 4644 uniuersa
1459 4577 1501 4645 ci·

276 4679 359 4745 uitas
382 4679 498 4744 dicens.
522 4679 591 4765 quis
614 4688 661 4745 est
690 4679 751 4746 hic.
787 4679 812 4716 ¹¹
847 4679 943 4747 Multi
975 4689 1079 4748 autem
1102 4681 1258 4746 dixerunt.
1282 4679 1334 4746 hic
1368 4690 1416 4747 est
1448 4680 1503 4745 ihs
