3467 5192
281 265 324 326 94
708 261 743 325 (c.
763 258 810 324 20)
834 217 1016 324 euangelium
1033 272 1088 309 sec.

282 431 309 469 ¹⁸
354 431 467 499 Omnis
489 430 544 515 qui
568 428 717 496 ceciderit
739 452 833 514 supra
856 427 948 492 illum
970 426 1108 512 lapidem
1132 424 1393 511 conquaasauitur
1417 448 1514 512 supra

282 559 375 619 quem
399 533 545 599 ceciderit
566 538 673 597 autem
696 531 880 597 conminuet
902 530 1004 595 illum.
1050 526 1077 566 ¹⁹
1120 530 1164 594 Et
1196 528 1371 613 querebant
1398 527 1513 612 princi·

281 660 336 722 pes
359 637 554 701 sacerdotum
578 642 610 699 et
631 621 751 699 scribae
774 632 901 698 mittere
923 630 957 696 in
979 632 1071 695 illurn
1094 654 1207 696 manus
1237 631 1306 716 ipsa
1336 631 1421 695 hora.
1467 630 1515 695 Et

281 739 457 805 timuerunt
478 738 628 823 populum
652 741 868 821 cognouerunt
890 734 976 799 enim
1000 734 1083 818 quod
1106 734 1145 799 ad
1169 733 1255 819 ipsos
1278 732 1396 796 dixerit
1426 731 1512 796 simi-

280 839 448 905 litudinem
471 839 573 905 istam.

369 942 494 1009 LXVI.
524 940 551 978 ²⁰
582 942 708 1006 Etcum
721 940 852 1007 recessit
871 945 977 1005 scsum
990 941 1026 1021 (l)
1042 938 1197 1003 miserunt
1213 938 1268 1022 qui
1288 961 1322 1003 se
1333 938 1432 1004 iustos
1444 960 1515 1003 esse

282 1043 467 1111 simularent
489 1053 525 1109 ut
554 1044 804 1130 adprebr'ederent
833 1065 994 1108 sermones
1027 1042 1105 1106 eius.
1151 1041 1195 1105 ut
1227 1040 1388 1105 traderent
1420 1040 1511 1105 illum

281 1146 429 1232 potestati
452 1154 484 1211 et
507 1145 703 1231 magistratui
726 1144 888 1232 praesidis.
935 1142 961 1180 ²¹
1005 1145 1050 1209 Et
1071 1143 1311 1228 interrogaueru
1339 1142 1431 1208 illum
1464 1142 1512 1207 di-

283 1257 398 1314 centes.
424 1250 573 1335 magister
595 1248 710 1314 scimus
734 1248 816 1332 quod
840 1252 925 1312 recte
948 1246 1027 1311 dicis
1050 1253 1082 1312 et
1110 1268 1173 1311 non
1205 1244 1325 1331 adcipis
1348 1268 1514 1330 personam

282 1351 336 1415 ssd
358 1351 392 1415 in
414 1350 550 1417 ueritate
574 1350 659 1415 uiam
681 1352 713 1415 di
736 1351 860 1415 docens.
875 1347 902 1386 ²²
911 1349 987 1414 licet
1008 1348 1099 1414 nobis
1122 1348 1196 1412 dare
1218 1347 1373 1412 tributum
1394 1346 1511 1413 caesari

285 1452 367 1537 (aiut
389 1478 462 1519 non.
496 1452 521 1490 2³
557 1454 768 1519 Considerans
791 1458 897 1517 autem
921 1451 973 1515 ihs
995 1452 1101 1516 dolum
1126 1450 1250 1515 illorum
1274 1448 1356 1514 dixit
1373 1449 1419 1514 eis
1435 1448 1512 1533 quid

281 1580 333 1621 me
355 1555 517 1641 temptatis
530 1554 557 1592 ²⁴
568 1555 725 1621 ostendite
748 1555 828 1619 mihi
851 1554 1019 1621 dinarium.
1037 1553 1127 1619 cuius
1150 1554 1264 1632 abettt)
1287 1552 1457 1637 imaginem
1479 1564 1512 1616 et

281 1658 490 1725 scribtionem.
538 1658 776 1743 Respondentes
800 1656 950 1722 dixerunt
973 1655 1117 1722 caesaris.
1163 1654 1191 1692 ²⁵
1235 1656 1278 1719 Et
1299 1654 1345 1719 ait
1373 1654 1437 1720 illis
1460 1654 1515 1718 ihs

281 1760 404 1826 reddite
426 1784 507 1845 quae
531 1760 664 1826 caesaris
687 1766 761 1825 suut
785 1760 902 1825 caesari
929 1768 962 1823 et
984 1751 1076 1843 'quae
1109 1758 1141 1821 di
1175 1765 1249 1822 sunt
1282 1757 1331 1821 do.
1345 1755 1373 1795 ²⁸
1384 1766 1415 1821 et
1447 1780 1510 1821 non

281 1870 454 1949 potueruut
474 1864 606 1927 uerbum
631 1862 699 1927 eius
720 1861 931 1948 reprebcdere
955 1884 1058 1925 coram
1081 1860 1173 1945 plele
1198 1868 1229 1924 et
1257 1858 1363 1923 mirati
1397 1858 1430 1922 in
1463 1882 1510 1922 re·

283 1990 395 2051 sponso
419 1966 487 2030 eius
510 1976 687 2031 tacuerunt.

368 2068 514 2135 LXVII.
561 2066 588 2105 Ἡ
640 2068 855 2133 Accesserunt
888 2075 995 2130 autem
1031 2066 1158 2149 quidam
1195 2064 1422 2129 sadduceorum
1457 2063 1514 2147 qui

283 2184 399 2255 negant
422 2194 489 2236 esse
513 2170 774 2235 resurrectionem
798 2178 830 2234 et
851 2170 1129 2251 interrogauerunt
1155 2165 1416 2231 illum²⁸dicetes
1451 2190 1517 2230 ma-

282 2269 380 2355 gister
401 2295 525 2357 moyses
548 2272 673 2337 scribsit
694 2272 784 2337 nobis
807 2272 834 2337 si
857 2270 955 2335 frater
977 2270 1111 2335 alicuius
1127 2279 1268 2334 mortuus
1283 2268 1380 2334 fuerit
1393 2270 1513 2333 habens

282 2378 382 2438 uxore
406 2381 437 2438 et
460 2376 510 2439 hic
533 2375 600 2440 sine
622 2375 704 2440 filius
718 2377 750 2459 (l)
773 2374 869 2439 fuerit
892 2382 928 2437 ut
950 2372 1087 2459 adcipiat
1110 2396 1179 2437 earn
1211 2371 1307 2435 frater
1336 2371 1404 2435 eius
1437 2394 1516 2435 uxo-

282 2499 348 2541 rem
372 2482 405 2541 et
426 2478 557 2543 suscitet
579 2501 686 2542 semen
710 2476 798 2542 fratri
821 2500 879 2541 suo
892 2474 1052 2561 ²⁹septem
1076 2483 1181 2539 autem
1205 2474 1317 2539 fratres
1333 2482 1422 2537 erant
1437 2484 1517 2553 aput

283 2602 348 2643 nos.
395 2580 439 2644 Et
460 2579 580 2664 primus
603 2579 728 2665 adcepit
751 2589 850 2643 uxore
875 2585 907 2643 et
930 2584 1074 2643 mortuus
1097 2585 1144 2643 est
1166 2576 1235 2641 sine
1256 2576 1329 2641 filio.
1345 2574 1370 2613 ³¹
1390 2586 1422 2641 et
1451 2585 1512 2640 ter-

282 2681 346 2747 tius
369 2681 494 2767 adcepit
517 2682 613 2745 illam.
638 2680 785 2747 similiter
808 2693 839 2745 et
866 2680 970 2745 omnis
1002 2689 1121 2765 septem
1157 2688 1189 2744 et
1221 2703 1285 2744 non
1318 2677 1515 2762 reliquerunt

282 2783 371 2849 filios.
419 2782 445 2820 ³⁶³
489 2783 672 2849 Nouissime
695 2790 800 2848 autem
824 2796 947 2849 mortua
980 2792 1028 2847 est
1062 2788 1094 2847 et
1127 2783 1243 2846 mulier
1254 2780 1281 2818 ³³
1294 2782 1327 2845 in
1363 2802 1511 2845 resurrec-

282 2885 369 2951 tione
392 2887 482 2951 ouius
504 2885 564 2951 erit
586 2907 668 2950 uxor
694 2894 814 2971 septem
845 2886 930 2951 enim
964 2886 1144 2951 habuerunt
1177 2884 1274 2949 illam.
1321 2882 1349 2920 ⁶4
1393 2884 1436 2947 Et
1468 2882 1514 2947 ait

281 2987 346 3066 illis
368 2988 419 3052 ihs
441 2988 500 3053 filii
521 2988 617 3053 huius
640 2988 756 3053 saeculi
778 2997 971 3073 generantur
993 2994 1025 3051 et
1045 2984 1289 3072 generant³⁵ad
1304 2984 1338 3049 hi
1354 2984 1409 3069 qui
1424 2984 1513 3069 digni

282 3091 439 3155 habentur
460 3091 559 3155 seculi
581 3089 667 3155 illius
690 3096 722 3155 et
744 3090 987 3155 resurrectiones
1018 3114 1058 3154 ex
1087 3088 1220 3153 mortuis
1252 3112 1356 3173 neque
1389 3088 1514 3151 nubunt

282 3216 386 3277 neque
418 3194 582 3258 nubuntur
602 3192 629 3229 ³⁶
640 3216 743 3279 neque
767 3194 886 3257 ducunt
907 3215 1023 3257 uxores
1045 3214 1149 3276 neque
1172 3192 1224 3256 eni
1249 3190 1425 3255 morientur
1440 3213 1514 3253 nam

283 3294 321 3359 su
358 3294 471 3360 similis
505 3294 625 3379 angelis
667 3296 698 3358 di
736 3295 811 3377 quia
843 3294 1083 3359 resurrectionis
1115 3292 1173 3357 filii
1208 3299 1290 3359 sunt.
1346 3291 1372 3330 ³⁷
1428 3292 1513 3377 Quo·

188 3416 190 3420 ·
283 3395 369 3461 niam
406 3419 480 3461 uero
514 3407 683 3480 resurgunt
716 3396 832 3461 mortui
868 3406 900 3462 et
941 3420 1065 3481 moyses
1096 3396 1235 3461 ostendit
1271 3395 1339 3459 uidi
1370 3393 1403 3457 in
1437 3394 1519 3457 rubo

283 3499 364 3564 sicut
386 3498 468 3563 dixit
490 3499 562 3565 dom
585 3500 638 3563 dr’r‘r
662 3500 811 3565 abraham
834 3508 866 3564 et
889 3500 940 3563 dr'r'r
970 3500 1035 3563 isac
1065 3505 1097 3564 et
1131 3499 1183 3562 dr‘r'r
1217 3498 1314 3563 iacob.
1331 3495 1407 3559 ³⁸ds
1440 3519 1513 3580 ergo

283 3608 477 3667 mortuorum
500 3607 541 3665 ni)
564 3610 611 3667 est
633 3602 688 3667 sed
711 3601 857 3666 uiuorum
881 3625 990 3667 omnes
1024 3602 1107 3666 enirn
1145 3601 1258 3666 uiuent
1292 3600 1330 3665 ei.
1377 3597 1405 3635 ⁸⁹
1448 3600 1512 3662 Re·

283 3704 471 3790 spondentes
494 3712 598 3768 autem
623 3704 750 3789 quidam
773 3705 946 3769 scribarum
971 3704 1121 3769 dixerunt
1143 3703 1293 3787 magister
1320 3704 1401 3767 bene
1432 3699 1511 3764 dixi·

284 3806 332 3871 sti.
346 3804 417 3871 ⁴⁰et
449 3807 585 3891 amplius
617 3830 680 3871 non
714 3815 789 3871 sunt
822 3805 890 3871 ausi
925 3829 997 3872 eum
1032 3793 1201 3893 quicquam
1237 3804 1440 3889 interrogare.
1485 3802 1513 3839 ⁴¹

284 3910 378 3975 Dixit
399 3916 503 3973 autem
528 3909 567 3973 ad
589 3908 660 3976 illos
683 3910 734 3973 ihs
762 3910 919 3994 quomodo
950 3909 1024 3975 dicti
1058 3919 1133 3995 xpm
1167 3907 1269 3972 filium
1302 3906 1399 3971 dauid
1434 3929 1512 3971 esse.

282 4011 311 4047 4²
355 4013 400 4075 Et
421 4010 489 4097 ipse
512 4012 608 4075 dauid
631 4012 714 4075 dixit
737 4011 771 4075 in
792 4011 874 4076 libro
896 4012 1098 4097 psalmorum.
1144 4009 1236 4075 Dicit
1257 4010 1326 4073 dms
1347 4010 1419 4073 dfflo
1442 4032 1517 4072 meo·

283 4115 356 4180 sede
379 4138 397 4178 a
420 4112 539 4179 dextris
561 4111 678 4178 meis⁴³
692 4114 789 4179 donec
811 4138 926 4200 ponam
951 4113 1097 4178 inimicos
1119 4119 1190 4177 tuos
1213 4113 1271 4176 sub
1290 4111 1423 4197 pedibus
1438 4109 1512 4176 tuis.

283 4216 311 4254 ⁴⁴
355 4216 390 4281 Si
414 4215 508 4281 dauid
533 4216 565 4279 in
588 4215 647 4301 spir
670 4217 742 4281 dor'r‘r
766 4216 858 4280 illum
881 4225 974 4281 uocat
996 4215 1152 4300 quomodo
1172 4214 1257 4279 filius
1279 4213 1347 4279 eius
1371 4218 1425 4278 est.

369 4319 533 4385 LXVIII.
579 4316 607 4357 ⁴⁵
651 4318 814 4383 Audiente
837 4327 944 4381 autem
967 4316 1053 4381 omni
1075 4318 1191 4402 populo
1214 4317 1297 4383 dixit
1318 4316 1370 4380 ihs
1392 4316 1431 4380 ad
1454 4314 1513 4379 dis·

283 4421 402 4507 cipulos
426 4442 498 4485 suos
509 4418 538 4457 ⁴⁶
549 4420 711 4485 adtendite
735 4420 825 4485 uobis
854 4444 873 4483 a
907 4417 1017 4483 scribis
1051 4419 1105 4503 qui
1139 4420 1252 4483 uolunt
1285 4418 1447 4484 ambulare
1479 4415 1513 4479 in

283 4524 371 4588 stolis
394 4531 425 4587 et
448 4531 554 4587 amant
576 4521 819 4599 salutationisd)
846 4521 879 4585 in
915 4520 982 4584 foro
1015 4528 1048 4585 et
1069 4521 1186 4606 primas
1206 4521 1368 4586 cathedras
1390 4520 1424 4583 in
1447 4518 1516 4582 foro

285 4632 316 4688 et
349 4624 466 4707 primos
500 4623 670 4688 discubitos
705 4623 737 4686 in
762 4622 897 4687 couiuiis
912 4622 940 4660 ⁴⁷
957 4623 1012 4708 qui
1035 4625 1188 4707 fingentes
1218 4624 1313 4707 longa
1340 4620 1520 4686 orationem
