3467 5192
293 188 312 250 6
740 189 772 252 (c.
797 187 839 252 14)
857 189 1037 254 euangelium
1055 205 1109 243 sec.

293 380 364 422 cum
387 355 548 422 audissent
570 357 679 422 turbae
702 365 826 423 secutae
849 368 922 423 sunt
945 359 984 424 eir
999 359 1162 446 pedestras
1191 362 1230 426 de
1252 361 1434 429 ciuitatibus
1447 363 1516 431 l‘et

278 464 328 524 'ut
350 457 432 524 uidit
453 459 545 524 turba
568 459 668 524 multa
693 459 823 542 [exiens]
848 461 995 527 misertus
1017 471 1064 528 est
1086 461 1149 528 illis
1172 469 1204 527 et
1223 464 1347 530 curauit
1373 465 1516 533 infirmos

292 584 409 626 eorum.

375 663 490 728 XLII.
515 662 541 700 11
565 664 704 750 Uespero
727 673 833 730 autem
855 665 938 732 facto
963 668 1165 734 adcesserunt
1193 669 1233 734 ad
1263 693 1336 735 eum
1369 670 1516 758 discipuli

291 765 360 834 eius
382 765 530 832 dicentes.
556 765 698 832 desertus
719 767 806 833 locus
829 775 877 833 est
899 776 930 833 et
951 771 1028 834 hora
1054 770 1087 834 ia
1114 771 1278 856 praeteriit
1298 772 1424 838 dimitte
1454 781 1516 840 tur·

291 869 345 933 bas
367 875 403 933 ut
425 881 537 936 euntes
559 869 593 934 in
616 870 744 936 castella
766 878 872 936 ament
894 872 953 936 sibi
977 895 1069 938 escas.
1102 872 1129 911 1‘
1151 874 1209 938 Ins
1232 881 1339 940 autem
1353 874 1433 941 dixit
1451 899 1515 942 non
1540 885 1543 888 ’

290 973 408 1038 habent
429 995 556 1038 necesse
579 971 625 1038 ire
648 973 720 1038 date
749 972 812 1038 illis
839 996 895 1038 uos
924 974 1122 1040 manducare.
1152 974 1179 1013 ¹⁷
1211 977 1457 1063 Responderunt
1484 979 1515 1044 ei

291 1098 354 1140 non
376 1074 527 1140 habemus
553 1074 623 1157 [hic]
647 1073 711 1140 nisi
732 1075 840 1161 quinq’
862 1099 959 1162 panes
981 1086 1014 1142 et
1035 1077 1112 1142 duos
1133 1078 1244 1164 pisces.
1270 1077 1298 1116 ¹⁸
1318 1081 1363 1145 Et
1393 1081 1438 1146 ait
1462 1079 1514 1146 ihs

292 1176 411 1242 adferte
434 1201 485 1242 eos
508 1177 547 1242 ad
570 1201 628 1241 rue.
654 1175 680 1214 11
705 1177 750 1243 Et
779 1200 850 1242 cum
878 1177 1021 1244 iussisset
1049 1179 1172 1245 turbam
1201 1180 1397 1247 discumbere
1420 1205 1515 1270 supra

290 1279 398 1344 fenum
433 1279 572 1366 adceptis
594 1279 734 1365 quinque
756 1280 890 1365 panibus
912 1290 944 1346 et
976 1281 1097 1346 duobus
1126 1281 1266 1369 piscibus
1295 1283 1452 1370 aspiciens
1480 1285 1514 1351 in

290 1380 410 1447 caelum
435 1390 467 1449 et
487 1381 649 1447 benedixit
671 1390 703 1446 et
725 1381 818 1466 fregit
840 1390 872 1448 et
893 1381 980 1448 dedit
1003 1382 1164 1470 discipulis
1183 1385 1249 1450 suis
1283 1409 1389 1471 panes.
1421 1387 1512 1453 disci·

289 1483 358 1570 puli
380 1495 483 1548 autem
508 1483 608 1551 turbis
620 1481 648 1520 ²⁰
658 1491 690 1549 et
720 1485 992 1552 manducauerunt
1019 1509 1127 1552 omnes
1157 1493 1189 1552 et
1215 1488 1347 1555 saturati
1379 1498 1453 1554 sunt
1481 1500 1514 1556 et

289 1585 439 1672 reliquias
462 1585 649 1672 colligarunt
671 1586 922 1671 fragmentorum
944 1587 1107 1654 duodecim
1130 1591 1245 1654 cofinos
1268 1590 1378 1676 plenos
1391 1591 1417 1628 11
1430 1616 1513 1657 man-

166 1709 173 1731 ¹
289 1689 473 1754 ducantium
505 1696 611 1754 autem
638 1688 700 1753 fuit
730 1713 881 1755 numerus
912 1689 1052 1776 quinque
1078 1691 1180 1755 millia
1204 1691 1344 1757 uirorum
1373 1693 1512 1780 exceptis

290 1793 395 1877 pueris
418 1799 449 1857 et
471 1790 662 1857 mulieribus.
689 1791 716 1830 11
738 1795 781 1859 Et
803 1793 909 1860 statim
933 1793 984 1858 ihs
1007 1792 1099 1857 iussit
1120 1792 1288 1879 discipulos
1311 1818 1382 1860 suos
1404 1818 1511 1861 ascen·

288 1897 362 1960 dere
385 1895 418 1960 in
440 1892 621 1960 nauiculam
644 1904 677 1960 et
697 1897 883 1982 praeoedere
906 1918 980 1961 enm
1003 1907 1088 1962 trans
1109 1895 1252 1975 ftr)etum
1281 1898 1380 1964 donec
1409 1897 1513 1963 dimit·

288 2006 369 2063 teret
390 1998 504 2062 turbes.

372 2100 503 2164 XLIII.
529 2098 556 2136 11
578 2101 622 2166 m
644 2100 780 2166 dimissit
796 2102 889 2165 turba
903 2113 935 2164 et
950 2100 1091 2168 ascendit
1105 2102 1139 2166 in
1156 2115 1294 2167 montem
1312 2105 1397 2169 solus
1411 2126 1510 2169 orare.

288 2203 428 2289 Uespero
450 2210 556 2267 autem
579 2202 661 2267 facto
684 2203 766 2267 solus
791 2211 857 2268 erat
879 2203 924 2267 ibi
936 2201 963 2239 11
974 2203 1122 2270 nauicula
1144 2214 1249 2270 autem
1272 2205 1337 2270 iam
1359 2205 1391 2270 in
1408 2205 1511 2270 medio

289 2307 366 2371 mari
400 2305 573 2372 iactabatur
605 2305 751 2371 fluctibus
790 2314 858 2370 erat
891 2305 976 2371 enim
1012 2305 1076 2371 illis
1118 2305 1291 2373 contrarius
1324 2317 1447 2373 uentus.
1484 2305 1512 2346 11

288 2408 410 2493 Quarta
443 2417 550 2473 autem
589 2407 700 2492 uigilia
729 2407 829 2473 noctis
862 2407 952 2473 uenit
980 2409 1019 2473 ad
1052 2431 1105 2474 eos
1136 2410 1188 2473 ihs
1222 2411 1385 2474 ambulans
1417 2432 1513 2497 supra

289 2536 382 2578 mare.
408 2510 435 2550 11
456 2512 611 2577 Uidentes
634 2519 738 2575 autem
762 2510 820 2575 illd
844 2534 938 2597 supra
961 2535 1047 2576 mare
1070 2512 1283 2577 ambulantem
1302 2511 1420 2578 turbati
1438 2520 1512 2576 sunt

287 2614 436 2680 dicentes.
461 2614 536 2701 quia
559 2615 745 2700 phantasma
768 2622 823 2679 est.
849 2620 881 2678 et
902 2637 977 2700 prae
992 2613 1104 2679 timore
1120 2615 1344 2680 clamauerunt.
1362 2614 1389 2653 11
1401 2624 1433 2682 et
1452 2622 1510 2680 sta-

286 2717 343 2782 tim
366 2717 418 2780 ihs
440 2718 562 2781 locutus
584 2721 631 2780 est
653 2715 699 2780 eis
721 2716 837 2780 dicens.
862 2725 1039 2781 constantes
1062 2724 1162 2782 estote
1184 2717 1283 2782 nolite
1305 2717 1427 2784 timere.
1452 2741 1508 2804 ego

287 2844 366 2884 sum.
391 2818 418 2856 11
439 2820 623 2904 Respodens
646 2824 751 2883 autem
776 2818 805 2883 ei
828 2829 935 2903 petrus
957 2817 1039 2883 dixit
1061 2818 1141 2884 dor're
1164 2818 1190 2884 si
1220 2829 1256 2884 tu
1282 2843 1324 2884 es.
1353 2820 1427 2884 iube
1459 2843 1509 2883 me

287 2923 326 2987 ad
348 2928 380 2987 te
403 2921 512 2987 uenire
536 2944 629 3006 super
651 2943 765 3006 aquam
779 2919 805 2958 11
819 2921 872 2985 Ad
895 2919 961 3006 ipss
988 2921 1033 2985 ait
1061 2922 1145 2986 ueni.
1180 2927 1212 2986 et
1240 2921 1431 2987 descendens
1459 2944 1510 3008 pe

286 3033 353 3090 trus
375 3025 413 3090 de
436 3024 583 3089 nauicula
605 3024 785 3089 ambulabat
815 3046 908 3110 super
934 3046 1048 3108 aquam
1082 3028 1116 3088 ut
1148 3024 1274 3088 ueniret
1306 3024 1345 3088 ad
1377 3023 1453 3088 ihm.
1483 3021 1511 3060 11

288 3127 408 3194 Uidens
430 3151 505 3192 uero
527 3134 659 3192 uentum
681 3126 822 3191 ualidum
846 3124 954 3190 timuit
976 3133 1008 3190 et
1034 3149 1105 3190 curn
1136 3126 1288 3212 coepisset
1321 3125 1421 3211 mergi
1451 3127 1509 3191 cla·

288 3230 389 3295 mauit
410 3229 517 3294 dicens
541 3229 622 3293 doire
649 3229 772 3293 saluum
802 3251 853 3291 me
882 3227 939 3292 fac.
974 3225 998 3264 11
1026 3227 1070 3292 Et
1102 3229 1251 3294 continuo
1277 3228 1328 3292 ihs
1358 3229 1510 3295 extt'rdens

289 3355 415 3397 manum
438 3331 646 3416 adprehendit
667 3353 739 3396 eum
763 3339 795 3394 et
817 3328 862 3394 ait
883 3329 938 3393 illi.
972 3328 1112 3394 modicae
1130 3329 1204 3394 fidei
1233 3354 1330 3415 quare
1359 3329 1509 3396 dubitasti

288 3433 315 3470 11
328 3442 358 3500 et
380 3457 451 3499 cum
474 3433 665 3499 ascendisset
687 3433 721 3497 in
744 3431 924 3498 nauiculam
947 3430 1082 3496 cessauit
1103 3442 1218 3497 uentus
1231 3429 1258 3470 11
1268 3433 1323 3518 qui
1345 3441 1452 3497 autem
1475 3432 1508 3497 in

287 3537 435 3603 nauicula
458 3545 548 3600 erant
569 3545 724 3601 uenerunt
747 3542 779 3600 et
801 3534 1012 3599 adorauerunt
1035 3557 1107 3599 eum
1136 3534 1288 3603 dicentes.
1320 3558 1396 3599 uere
1423 3533 1508 3599 filius

287 3641 319 3704 di
342 3648 400 3706 est.
857 3651 859 3654 '
1237 3715 1239 3717 ,

371 3742 521 3807 XLIIII.
547 3739 574 3778 ³⁴
597 3741 731 3806 Etcum
755 3739 1043 3822 transfretasse[n]t.
1068 3748 1226 3804 uenerunt
1249 3739 1282 3803 in
1312 3747 1429 3804 terram
1458 3763 1507 3824 ge·

286 3869 378 3910 nesar
388 3843 414 3884 11
425 3854 456 3909 et
479 3868 549 3908 cum
573 3843 791 3926 cognouissent
814 3866 885 3907 eum
910 3842 972 3906 uiri
994 3841 1055 3909 loci
1077 3841 1163 3906 illius
1186 3842 1357 3908 adorabant
1383 3866 1455 3908 eum
1478 3850 1510 3908 et

287 3948 445 4012 miserunt
462 3947 495 4010 in
525 3945 705 4010 uniuersam
740 3945 900 4028 regionem
934 3944 1020 4008 illam
1055 3952 1088 4009 et
1120 3945 1304 4028 optulerunt
1337 3944 1367 4008 ei
1400 3943 1508 4010 omne's

287 4051 368 4114 male
390 4051 540 4114 habentes
553 4046 579 4084 11
591 4055 622 4112 et
644 4048 794 4132 rogabant
816 4071 889 4110 eum
912 4056 948 4111 ut
970 4048 1022 4111 uel
1053 4045 1198 4111 finbriam
1229 4045 1412 4112 uestimenti
1440 4046 1507 4111 eius

287 4151 483 4234 tangere[n]t.
509 4160 540 4215 et
561 4149 751 4234 quicumque
774 4149 956 4233 tetigerunt.
980 4149 1062 4214 salui
1084 4148 1159 4214 facti
1182 4158 1263 4214 sunt.

370 4253 479 4319 XLV.
503 4255 541 4332 (c.
568 4253 618 4331 15)
631 4251 642 4287 1
655 4252 745 4318 Tunc
768 4252 969 4318 adcesserunt
991 4252 1030 4316 ad
1057 4273 1129 4315 eum
1157 4249 1278 4317 scribae
1300 4257 1333 4316 et
1351 4249 1507 4337 pharisaei

285 4359 323 4421 ab
346 4355 564 4440 hierosolymis
587 4353 859 4438 dicentes²quare
882 4352 1029 4439 discipuli
1051 4353 1099 4417 tui
1121 4352 1394 4438 transgrediuntur
1415 4352 1508 4416 tradi·

284 4459 402 4523 tionem
425 4459 583 4523 seniorum
605 4481 668 4522 uon
692 4456 777 4521 enim
799 4457 908 4522 lauant
929 4477 1041 4520 manus
1063 4477 1135 4520 suas
1158 4479 1230 4520 cum
1247 4478 1361 4541 panem
1377 4453 1505 4518 mandu-

283 4570 365 4626 cant.
390 4559 402 4598 1
425 4561 483 4624 Its
505 4566 610 4625 autem
632 4559 795 4646 respondit
816 4558 895 4623 dixit
917 4557 981 4623 illis
1003 4579 1099 4643 quare
1123 4563 1154 4622 et
1176 4580 1233 4623 uos
1251 4554 1507 4641 transgredimini
