3467 5192
301 257 322 321 2
731 262 758 328 (c
779 262 821 328 12)
840 263 1020 328 euangelium
1039 280 1096 318 sec.

300 427 513 515 propbe(tam)
536 429 720 512 (di)oentem
744 478 768 496 ..
795 430 821 470 ¹⁸
841 437 945 520 (pu)er
963 457 1052 500 meus
1071 484 1078 496 .
1094 487 1099 499 .
1114 487 1120 499 .
1138 435 1247 522 (allegi
1274 437 1434 517 dileo(tus)
1455 489 1526 503 ....

300 529 333 596 in
357 553 419 614 quo
513 531 885 620 placuit...eapo(nam
901 536 1061 622 spiri)tum
1083 537 1436 624 ...(sup)eref1...¹⁹.
1452 540 1526 608 ‚det

299 655 403 720 neque
415 633 570 701 clamabit.
584 659 686 722 neque
698 637 807 703 audiet
819 637 935 723 aliquis
946 638 981 705 in
992 639 1106 726 plateis
1122 663 1232 705 uocem
1248 641 1325 706 eius.
1337 639 1364 679 ²⁰
1374 642 1523 709 harundi-

300 759 372 801 nem
389 741 566 821 quassatam
585 761 648 803 non
667 738 853 825 confringet.
872 749 905 807 et
921 741 1020 806 linum
1043 741 1250 828 fumigantem
1273 767 1337 809 non
1359 744 1523 830 extinguet

299 838 397 904 donee
424 839 518 906 eioiat
538 841 572 906 in
594 840 728 906 uictoria
750 842 871 908 iudiciis
894 841 920 880 ²¹
941 851 973 910 et
995 843 1027 909 in
1050 845 1177 910 nomine
1200 846 1269 911 eius
1290 855 1400 931 gentes
1422 869 1527 934 spera-1

299 943 387 1007 bunt.
412 940 438 979 ⁹⁹
460 942 551 1008 Tune
574 943 695 1010 oblatus
718 952 766 1011 est
793 946 823 1010 ei
853 947 946 1011 homo
974 946 1175 1012 daemonium
1202 949 1321 1013 habens
1350 972 1459 1015 oaeous
1489 956 1522 1015 et

299 1051 405 1111 mutus
428 1053 460 1111 et
482 1047 606 1113 curauit
627 1071 699 1112 eum
721 1047 767 1113 ita
788 1055 824 1114 ut
845 1048 1027 1135 loqueretur
1048 1049 1224 1116 etuideret.
1248 1049 1275 1088 ²³
1296 1052 1341 1115 st
1355 1053 1521 1138 stupebant

300 1172 408 1215 omnes
430 1151 520 1216 turbe
542 1155 574 1217 et
596 1151 754 1218 dioebunt.
788 1151 942 1239 numquid
965 1154 1017 1220 hio
1032 1163 1078 1220 est
1111 1153 1196 1220 filius
1228 1153 1331 1220 dauid.
1350 1151 1377 1190 ’⁴
1390 1151 1521 1240 p(h)ari·

298 1251 363 1318 saei
386 1259 490 1317 autem
514 1253 677 1320 audientes
700 1253 849 1321 dixerunt
871 1256 923 1322 hio
945 1281 1007 1322 non
1031 1255 1105 1323 eicit
1127 1257 1274 1323 demonia
1294 1255 1357 1321 nisi
1372 1255 1406 1320 in
1422 1253 1521 1320 belze-

297 1353 352 1421 bul
374 1354 527 1441 prioipem
551 1356 760 1423 daemomorr‘r.
786 1356 814 1394 ²⁵
836 1357 946 1425 Sciens
968 1366 1075 1425 autem
1101 1359 1152 1424 ihs
1180 1359 1385 1446 cogitationes
1412 1380 1519 1422 eorum

298 1457 380 1523 dixit
401 1457 456 1524 eis.
480 1481 573 1524 omne
594 1481 727 1543 regnum
753 1459 892 1526 diuisum
918 1469 1026 1527 eontra
1052 1485 1085 1527 se
1119 1461 1317 1528 desolabitur.
1350 1466 1383 1528 et
1418 1458 1519 1526 omnis

298 1558 412 1625 ciuitas
455 1565 506 1625 uel
551 1559 661 1625 domus
706 1561 809 1628 diuisa
841 1570 947 1628 eontra
979 1587 1012 1630 se
1043 1587 1106 1629 non
1147 1563 1252 1630 stabit.
1292 1562 1320 1602 ²⁶
1359 1561 1385 1628 si
1433 1559 1519 1626 enim

297 1667 421 1728 satanas
443 1669 575 1729 satanan
597 1663 672 1730 eieit
692 1664 842 1731 aduersus
864 1689 899 1731 se
921 1664 1042 1733 diuisus
1064 1674 1122 1732 est.
1144 1667 1300 1753 quomodo
1329 1688 1402 1750 ergo
1424 1662 1520 1728 stabit

296 1785 427 1849 regnum
451 1763 527 1830 eius.
553 1763 580 1804 ²⁷
601 1765 695 1851 Quod
717 1765 744 1833 si
767 1791 824 1853 ego
846 1767 880 1833 in
902 1769 1043 1835 belzebul
1065 1769 1144 1835 eieio
1171 1767 1317 1834 demonia
1343 1768 1389 1831 fili
1419 1763 1517 1831 uestri

295 1865 329 1930 in
351 1890 414 1953 quo
436 1867 566 1934 eiciunt.
589 1869 660 1933 ideo
682 1868 741 1956 ipsi
761 1869 880 1937 iudices
900 1880 994 1937 erunt
1018 1871 1125 1937 uestri.
1155 1869 1183 1908 ’⁸
1212 1871 1247 1939 Si
1274 1879 1381 1935 autem
1403 1868 1437 1933 in
1459 1867 1521 1956 spir

295 1968 327 2032 di
350 1992 407 2056 ego
430 1969 511 2036 eicio
540 1972 714 2037 daemonia.
745 1972 855 2058 utique
883 1971 1085 2060 adpropiauit
1116 1974 1149 2038 in
1173 1998 1229 2040 uos
1258 1996 1390 2060 regnum
1418 1972 1460 2035 di.
1491 1968 1522 2007 ²⁹

296 2070 461 2156 Quomodo
495 2079 598 2160 potest
631 2073 701 2159 quis
724 2074 840 2140 intrare
862 2075 894 2141 in
919 2075 1045 2141 domum
1070 2075 1159 2143 fortis
1188 2084 1220 2141 et
1246 2099 1322 2140 uasa
1348 2074 1416 2140 eius
1443 2073 1516 2138 diri·

295 2197 370 2258 pere
392 2175 454 2240 nisi
481 2174 569 2263 prius
595 2176 780 2261 allegauerit
802 2177 914 2243 fortem
946 2187 978 2245 et
1006 2186 1082 2244 tune
1111 2179 1237 2244 domum
1267 2177 1354 2243 illius
1381 2175 1516 2263 diripiet.

296 2275 324 2315 ³⁰
346 2275 411 2362 Qui
433 2300 495 2343 non
519 2285 567 2345 est
588 2302 711 2344 meeum
735 2289 841 2346 eontra
863 2304 914 2346 me
937 2291 984 2346 est
1005 2289 1038 2346 et
1060 2281 1115 2367 qui
1130 2306 1193 2346 non
1209 2291 1379 2366 congregat
1392 2300 1516 2344 meeum

295 2377 452 2466 disparoit.
477 2377 504 2416 ³¹
525 2380 603 2446 Ideo
626 2381 695 2448 dieo
719 2382 806 2447 uobis
829 2405 920 2448 omne
943 2389 1106 2470 peceatum
1122 2394 1154 2449 et
1167 2382 1362 2471 blasphemia
1378 2381 1520 2446 remitte·

293 2482 543 2550 turbeminibus.
567 2489 620 2570 sps
638 2489 712 2549 aute
728 2483 923 2572 blasphemia
934 2510 997 2551 non
1012 2485 1192 2551 remittetur
1209 2484 1398 2550 hominibus.
1423 2479 1450 2519 ³²
1471 2481 1516 2546 Et

295 2583 485 2671 quieumque
504 2585 621 2652 dixerit
635 2588 766 2652 uerbum
783 2587 950 2654 aduersum
965 2587 1067 2654 filium
1078 2587 1215 2654 hominis
1227 2589 1404 2653 remittetur
1418 2583 1448 2649 ei
1459 2583 1515 2671 qui

295 2695 400 2755 autem
424 2688 541 2754 dixerit
563 2697 670 2754 eontra
690 2700 758 2776 epm
775 2701 839 2755 sem
858 2713 920 2755 non
935 2690 1115 2758 remittetur
1137 2690 1168 2756 ei
1190 2713 1293 2776 neque
1314 2689 1348 2752 in
1369 2689 1429 2754 hoo
1451 2710 1516 2753 sae·

294 2789 364 2856 eulo
380 2813 483 2876 neque
500 2791 532 2855 in
552 2789 668 2857 futuro.
700 2790 726 2830 ³³
757 2794 826 2858 Aut
843 2793 937 2859 facite
960 2795 1102 2860 arborem
1116 2795 1230 2860 bonam
1245 2799 1277 2858 et
1293 2791 1429 2856 fructum
1445 2789 1513 2855 eius

292 2893 419 2958 bonum.
443 2900 498 2958 aut
520 2893 615 2960 faeite
637 2894 778 2960 arborem
801 2895 886 2960 mala
908 2902 940 2961 et
957 2895 1093 2961 fructum
1115 2895 1183 2960 eius
1198 2896 1324 2960 malum.
1348 2916 1390 2958 ex
1409 2892 1513 2958 fructu

293 2995 345 3060 eni
360 2997 451 3061 arbor
465 3003 668 3081 eognosoetur
694 2995 722 3034 ³⁴
743 2997 915 3083 Progenies
936 2999 1084 3086 uiperarir
1101 2997 1256 3084 quomodo
1274 2995 1421 3083 posteetis
1432 2995 1514 3059 bona

291 3096 379 3182 loqui
409 3121 480 3164 oum
509 3099 579 3165 sitis
612 3098 695 3165 mali.
728 3124 767 3165 ex
794 3101 967 3166 abundatia
999 3100 1085 3166 enim
1118 3099 1220 3166 oordis
1253 3123 1286 3164 os
1318 3098 1458 3185 loquitur
1486 3094 1518 3134 ³⁵

291 3199 401 3266 Bonus
425 3201 517 3266 homo
546 3202 584 3266 de
617 3203 698 3268 bono
725 3203 894 3269 thensauro
916 3202 1035 3291 profert
1056 3204 1138 3268 bona
1163 3211 1195 3268 et
1223 3203 1325 3267 malus
1353 3202 1447 3267 homo
1475 3200 1513 3264 de

291 3303 374 3368 malo
393 3302 563 3370 thensauro
586 3304 704 3392 profert
726 3305 816 3370 mala.
850 3304 878 3344 ³⁶
903 3305 985 3370 Dioo
1008 3310 1114 3370 autem
1136 3304 1226 3370 uobis
1248 3303 1397 3390 quoniam
1420 3324 1513 3367 omne

291 3405 391 3473 uerbfi
409 3405 544 3472 otiosum
559 3407 642 3491 quod
658 3407 756 3473 locuti
771 3407 890 3473 fuerint
905 3406 1049 3473 homines
1065 3406 1196 3472 reddent
1214 3407 1252 3471 de
1275 3430 1312 3472 eo
1334 3405 1456 3471 ratione
1478 3401 1512 3467 in

291 3507 341 3574 die
363 3507 472 3574 iudioii
497 3507 524 3548 ³⁷
545 3509 762 3595 unusquisque
785 3510 869 3575 enim
893 3533 934 3574 ex
956 3508 1060 3575 uerbis
1082 3509 1148 3575 suis
1170 3507 1435 3574 oondemnabitur.

375 3610 566 3678 XXXVII.
604 3609 632 3649 ³⁸
670 3612 761 3677 Tune
796 3613 1025 3698 responderunt
1054 3612 1085 3677 ei
1108 3610 1236 3698 quidam
1271 3611 1309 3676 de
1342 3608 1452 3676 seribis
1480 3618 1512 3673 et

290 3713 488 3801 p(h)arisaeis
511 3714 660 3780 dieentes.
685 3714 835 3800 magister
856 3716 1004 3782 uolumus
1025 3739 1043 3780 a
1067 3722 1097 3780 te
1120 3714 1246 3800 signum
1262 3713 1379 3778 uidere.
1403 3709 1431 3749 ³⁹
1452 3712 1515 3777 Ins

290 3824 395 3884 autem
419 3817 609 3903 respondens
632 3816 677 3882 ait
698 3817 771 3882 illis.
795 3817 956 3903 generatio
979 3817 1061 3882 mala
1084 3824 1116 3882 et
1137 3817 1279 3883 adultera
1300 3814 1393 3901 signu
1417 3838 1511 3901 quae·

289 3919 331 3988 rit
354 3928 386 3986 et
407 3919 531 4006 signum
553 3942 616 3985 non
639 3919 764 3986 dabitur
786 3919 815 3985 ei
837 3919 901 3984 nisi
930 3919 1055 4004 signum
1090 3920 1181 3984 ionae
1212 3917 1362 4005 profetae.
1383 3915 1412 3956 ‘⁰
1430 3918 1512 3984 sient

289 4021 373 4088 enim
397 4021 456 4086 fuit
478 4021 567 4087 ionas
589 4021 622 4086 in
650 4030 762 4087 uentre
785 4022 864 4087 caeti
886 4022 986 4088 tribus
1008 4021 1118 4088 diebus
1140 4031 1173 4087 et
1194 4019 1279 4086 tribr'r
1301 4020 1444 4087 noctibus
1466 4019 1511 4084 sio

289 4125 349 4191 erit
371 4133 402 4191 et
423 4125 508 4190 filius
530 4124 667 4190 hominis
689 4123 723 4189 in
754 4124 865 4190 cordae
895 4129 997 4190 terrae
1026 4133 1059 4189 et
1087 4123 1187 4189 tribus
1213 4122 1323 4189 diebus
1349 4130 1381 4187 et
1408 4122 1510 4187 tribus

287 4228 441 4295 noctibus.
464 4225 493 4264 ⁴¹
515 4226 587 4293 Uiri
615 4225 777 4293 nineuitae
806 4232 971 4312 resurgent
998 4227 1031 4291 in
1059 4225 1175 4292 iudicio
1204 4249 1274 4292 oum
1307 4223 1509 4311 generatione

287 4329 347 4396 ista
370 4339 402 4395 et
424 4331 676 4397 eondemnabunt
698 4333 736 4394 ea
759 4329 833 4414 quia
854 4329 1032 4416 penitentia
1056 4337 1189 4414 egerunt
1218 4329 1251 4394 in
1278 4323 1509 4413 praedieatione

287 4431 387 4499 ionae.
412 4440 445 4499 et
466 4455 537 4498 eoae
559 4433 725 4519 plusquam
748 4431 822 4497 iona
846 4431 930 4514 [hiel.
962 4430 991 4468 ⁴²
1019 4431 1143 4516 Regina
1176 4430 1274 4496 austri
1300 4433 1442 4514 resurget
1474 4425 1508 4491 in

286 4533 405 4600 iudicio
428 4558 497 4599 oum
520 4536 722 4620 generatione
751 4537 811 4599 ista
843 4543 876 4599 et
904 4533 1125 4601 condemnauit
1154 4559 1222 4601 eam
1254 4531 1329 4620 quia
1353 4530 1442 4597 benit
1469 4531 1508 4596 ab

287 4637 407 4703 ultimis
429 4635 570 4724 partibus
591 4643 694 4703 terrae
716 4637 825 4703 audire
854 4635 1040 4724 sapientiam
1056 4636 1244 4704 salomonis.
1275 4643 1307 4702 et
1338 4659 1409 4703 eoae
1436 4636 1510 4723 plus
