3467 5192
709 279 847 328 matteum
868 276 905 342 (c.
928 280 982 340 16).
1448 279 1472 342 9

245 443 292 510 lis.
317 443 345 481 ²⁰
376 443 467 510 Tunc
495 444 655 531 inperauit
686 445 849 532 discipulis
879 446 944 512 suis
974 456 1009 511 ut
1035 446 1154 512 nemini
1189 446 1354 530 dicerelnlt
1385 449 1472 532 quod

245 546 312 632 ipse
335 553 416 612 esset
436 553 507 634 xps.

329 649 460 714 XLIX.
485 649 510 687 ²¹
534 650 660 716 Exinde
688 649 802 738 coepit
823 651 874 714 ihs
908 652 1071 718 ostendere
1104 651 1265 737 discipulis
1298 652 1363 717 suis
1395 652 1473 748 quia

245 760 365 839 oportet
387 777 459 818 eum
492 753 537 818 ire
560 753 593 817 in
607 751 809 818 hierosolima
831 760 862 818 et
885 753 984 819 multa
1005 753 1071 840 pati
1094 778 1113 818 a
1134 753 1309 820 senioribus
1339 764 1371 819 et
1392 755 1467 820 ecri-

243 855 291 920 bis
313 863 345 920 et
365 854 559 942 principibus
581 855 777 921 sacerdotum
800 861 832 920 et
853 855 960 921 occidi.
985 865 1016 921 et
1046 863 1116 942 post
1144 857 1273 921 tertium
1305 856 1388 922 diem
1419 880 1467 921 re·

243 980 377 1043 surgere.
401 955 427 993 ²²
450 957 493 1022 Et
514 958 681 1022 adsumens
706 957 798 1039 [eum]
812 966 920 1042 petrus
943 958 1026 1044 cepit
1050 958 1213 1044 increpare
1236 968 1268 1023 et
1284 957 1397 1026 dicere.
1418 960 1471 1024 ab·

243 1061 284 1126 sit
306 1083 325 1124 a
346 1066 378 1125 te
399 1059 554 1146 propitius
576 1059 634 1124 tibi
657 1060 718 1124 dne
740 1083 804 1124 non
834 1062 894 1125 erit
920 1060 1013 1126 istud.
1049 1058 1076 1098 ²³
1103 1060 1164 1124 Ad
1196 1061 1264 1148 ipse
1298 1084 1470 1127 conuersus

243 1161 324 1228 dixit
345 1169 442 1249 petro.
466 1162 546 1227 nade
569 1169 652 1227 retro
675 1169 744 1248 post
759 1186 810 1228 me
825 1169 950 1228 satanas
962 1163 1144 1228 scandalum
1158 1185 1192 1227 es
1207 1161 1286 1226 mihi
1304 1163 1467 1248 [quianon

243 1265 325 1350 sapis
348 1288 384 1329 ea
407 1287 487 1349 quae
509 1265 541 1328 di
564 1270 638 1328 sunt
660 1264 715 1328 sed
737 1288 774 1330 ea
797 1287 877 1349 quae
895 1264 1081 1348 hominuml.
1124 1264 1152 1302 2⁴
1187 1264 1278 1333 Tunc
1305 1265 1357 1330 ihs
1385 1265 1471 1331 dixit

243 1367 404 1453 discipulis
426 1366 499 1431 suia.
524 1365 550 1430 si
573 1365 643 1451 quis
666 1375 735 1452 post
757 1390 807 1431 me
830 1368 900 1432 uult
921 1367 1032 1433 uenire
1068 1368 1202 1452 abneget
1234 1367 1291 1433 sibi
1320 1376 1352 1433 et
1377 1367 1470 1433 tollat

242 1491 366 1536 crucem
392 1473 463 1533 mea
486 1476 517 1534 et
538 1479 688 1554 aequatur
710 1493 769 1534 me.
794 1467 820 1506 ²⁵
843 1468 909 1554 Qui
931 1469 1016 1534 enim
1043 1469 1180 1535 uoluerit
1209 1469 1347 1534 animam
1377 1493 1467 1534 suam
1523 1555 1525 1559 ¹

242 1572 361 1637 saluam
384 1570 487 1636 facere
509 1571 619 1656 perdet
641 1594 719 1636 eam.
744 1570 798 1656 qui
810 1581 915 1636 autem
932 1561 1105 1657 perdiderit
1120 1572 1257 1637 animam
1274 1596 1363 1637 suam
1378 1562 1469 1659 propss

242 1680 290 1738 ter
312 1697 363 1738 me
386 1673 529 1738 inueniet
552 1697 629 1739 earn.
654 1672 681 1712 ‘²⁶
704 1671 791 1756 Quid
807 1673 892 1738 enim
909 1675 1035 1760 prodest
1050 1673 1170 1738 homini
1186 1674 1213 1740 si
1228 1680 1329 1739 totum
1344 1675 1467 1740 mundu

241 1778 381 1842 lucretur
403 1776 527 1841 animae
552 1777 647 1858 [uero]
663 1799 738 1841 suae
760 1776 1136 1862 detrimentumpatiatur
1160 1777 1235 1859 [aut]
1260 1800 1353 1863 quam
1381 1777 1468 1842 dabit

241 1879 334 1944 homo
358 1878 634 1943 commutationem
657 1877 772 1943 animae
797 1901 871 1943 suae.
897 1877 924 1916 ²⁷
952 1880 1037 1944 Nam
1053 1878 1137 1943 filins
1152 1879 1290 1944 hominis
1313 1886 1467 1944 uenturus

242 1989 288 2048 est
310 1981 344 2046 iu
366 1981 531 2047 maiestate
555 1979 652 2066 patris
674 1980 724 2046 sui
750 2005 821 2044 cum
852 1981 973 2067 angelis
1006 1981 1069 2046 suis
1099 1991 1130 2046 et
1158 1990 1234 2046 tunc
1262 1981 1372 2048 reddet
1400 1981 1469 2047 uni·

242 2084 356 2169 cuique
379 2084 550 2149 secundum
574 2106 668 2169 opera
690 2083 767 2148 eius.
800 2081 826 2120 ²⁸
860 2086 966 2149 Amen
1000 2084 1070 2148 dico
1100 2085 1190 2148 uobis
1213 2086 1363 2169 quoniam
1391 2093 1468 2149 sunt

240 2186 341 2272 aliqui
375 2187 413 2251 de
447 2185 515 2250 istis
538 2185 733 2251 adstantibus
757 2185 811 2271 qui
841 2210 904 2250 non
931 2188 1102 2272 gustabunt
1130 2197 1263 2251 mortem
1294 2187 1392 2252 donec
1418 2186 1466 2251 ui-

241 2288 336 2352 deant
356 2287 456 2352 filium
480 2287 616 2353 hominis
638 2287 819 2353 uenientem
843 2288 878 2352 in
900 2313 995 2375 regno
1018 2312 1083 2353 suo.

324 2392 362 2455 L.
387 2393 425 2471 (c.
451 2389 501 2475 17)
525 2390 535 2426 ¹
558 2391 602 2455 Et
624 2389 742 2456 factum
765 2398 813 2455 est
834 2398 905 2476 post
927 2391 994 2456 dies
1015 2415 1071 2456 sex
1086 2391 1260 2477 adsumpsit
1273 2390 1326 2455 ihs
1340 2399 1464 2478 petrum

240 2500 272 2559 ct
293 2492 436 2558 iacobum
460 2502 492 2558 et
514 2492 683 2558 iohannem
705 2492 833 2558 fratrem
857 2493 925 2558 eius
949 2502 980 2558 et
1003 2492 1091 2559 ducit
1113 2492 1184 2558 illos
1201 2492 1234 2557 in
1251 2502 1391 2559 montem
1414 2517 1467 2558 ex-

240 2595 358 2661 celsum
380 2618 519 2661 scorsum
532 2593 544 2632 ²
557 2601 588 2660 et
609 2596 847 2680 transfiguratus
864 2594 916 2659 ihs
935 2602 983 2661 est
1004 2603 1077 2662 ante
1091 2618 1144 2660 eos
1166 2600 1199 2661 et
1213 2595 1407 2682 resplenduit
1422 2595 1437 2660 f
1454 2634 1466 2642 -

240 2697 302 2763 cies
317 2697 384 2763 eius
407 2697 488 2763 sicut
511 2698 556 2762 sol
579 2697 769 2762 uestimenta
790 2705 897 2764 autem
921 2697 988 2763 eius
1011 2698 1095 2762 facta
1120 2705 1194 2764 sunt
1222 2698 1356 2763 candida
1382 2697 1467 2763 sicut

239 2799 365 2866 nix³et
387 2823 458 2866 ecce
480 2799 624 2886 adparuit
646 2799 709 2864 illis
740 2823 863 2885 moyses
890 2807 921 2866 et
940 2800 1040 2866 helias
1060 2801 1284 2885 conloquentes
1314 2824 1385 2865 cum
1417 2823 1462 2864 eo.

237 2903 479 2990 “Respondens
502 2910 607 2968 autem
630 2909 736 2988 petrus
759 2901 841 2967 dixit
863 2904 902 2967 ad
924 2903 1000 2967 ihr'n.
1026 2903 1088 2966 dne
1112 2904 1228 2967 bonum
1259 2909 1306 2968 est
1334 2926 1391 2967 nos
1411 2902 1463 2967 hic

240 3028 315 3070 esse.
338 3004 366 3070 si
387 3005 437 3070 uis
459 3003 612 3070 faciamus
633 3003 685 3069 hic
707 3004 768 3069 tria
790 3006 992 3070 tabernacula
1014 3004 1072 3070 tibi
1085 3029 1184 3070 unum
1200 3011 1232 3070 et
1248 3004 1347 3090 moysi
1364 3029 1463 3068 unum

239 3113 270 3172 et
291 3105 394 3172 heliae
416 3131 524 3172 unuin.
560 3105 573 3146 ⁵
605 3089 722 3171 Adlruc
751 3131 788 3171 eo
820 3108 969 3192 loquente
998 3131 1069 3172 ecce
1099 3108 1199 3172 nubes
1229 3106 1333 3172 lucida
1360 3106 1464 3172 inum-

239 3209 342 3274 brauit
364 3232 416 3274 eos
439 3215 471 3274 et
493 3233 563 3274 ecce
587 3232 650 3274 uox
673 3210 711 3274 de
731 3211 815 3275 nube
837 3209 954 3276 dicens.
999 3209 1066 3274 Hic
1088 3217 1136 3274 est
1156 3209 1240 3274 filius
1262 3232 1352 3274 meus
1367 3208 1461 3274 dilec-

238 3321 288 3376 tus
310 3311 428 3398 inquo
451 3311 530 3376 mihi
551 3313 630 3377 bene
653 3311 819 3399 conplacui
842 3311 948 3398 ipsum
970 3312 1085 3377 audite.
1111 3310 1190 3376 ‘Et
1217 3311 1381 3377 audientes
1403 3312 1463 3376 dis-

239 3413 336 3500 cipuli
358 3414 558 3481 caeciderunt
579 3413 613 3479 in
629 3414 842 3480 faeiemsuam
867 3421 899 3481 et
920 3415 1097 3480 timuerunt
1119 3414 1220 3480 ualde.
1246 3413 1257 3452 ⁷
1285 3415 1328 3479 Et
1357 3415 1461 3480 adces-

237 3515 278 3582 sit
300 3516 351 3581 ihs
374 3524 406 3582 et
426 3515 532 3601 tetigit
554 3540 605 3582 eos
628 3525 660 3583 et
682 3516 764 3582 dixit
785 3517 840 3582 eis.
863 3517 982 3603 surgite
1005 3524 1037 3581 et
1058 3516 1156 3582 nolite
1168 3516 1288 3583 timere.
1306 3514 1319 3553 ⁸
1334 3518 1461 3581 Leuan-

237 3627 283 3684 tes
305 3626 410 3685 autem
435 3619 541 3683 oculos
564 3642 635 3684 suos
658 3618 817 3684 neminem
840 3619 988 3685 uiderunt
1010 3618 1074 3684 nisi
1096 3619 1196 3684 solum
1226 3617 1301 3682 ihm.
1319 3618 1332 3657 ⁹
1348 3626 1379 3684 et
1413 3619 1462 3684 dc-

237 3721 456 3786 scendentibus
479 3720 543 3785 illis
566 3721 604 3786 de
636 3729 742 3786 monte
770 3721 930 3807 praecepit
948 3721 999 3785 ihs
1020 3721 1138 3786 dicens.
1172 3721 1293 3787 nemini
1319 3721 1464 3787 dixeritis

236 3823 324 3888 uisus
346 3824 443 3888 donce
465 3823 550 3888 filius
572 3823 709 3889 hominis
731 3848 749 3888 a
771 3823 903 3889 mortuis
926 3829 1076 3908 resurgat.
1117 3823 1144 3861 ¹⁰
1180 3823 1224 3888 Et
1246 3823 1461 3908 interrogaue-

236 3933 310 3992 runt
332 3949 405 3990 cum
427 3925 574 4011 discipuli
596 3925 664 3990 eius
692 3925 841 3991 dicentes.
873 3925 949 4012 quid
982 3928 1055 4011 ergo
1091 3925 1211 3992 scribae
1245 3925 1355 3990 dicunt
1377 3927 1461 4010 quod

235 4026 350 4091 heliam
364 4034 506 4112 oporteat
515 4027 653 4114 primum
665 4028 783 4093 uenire.
798 4027 824 4064 ¹¹
837 4028 892 4092 Ad
904 4028 969 4114 ipse
981 4029 1196 4115 responde[n]s
1208 4029 1262 4093 ait.
1284 4028 1384 4093 helias
1396 4027 1463 4114 qui-

236 4129 307 4194 dem
329 4135 484 4211 uenturus¹
506 4139 552 4195 est
579 4138 611 4196 et
646 4131 811 4196 restituere
834 4130 949 4196 omnia.
970 4129 1084 4196 153dico
1119 4138 1223 4195 autem
1258 4131 1348 4196 uobis
1379 4132 1462 4215 quod

235 4232 391 4298 helissia
413 4232 502 4297 uenit
528 4243 560 4298 et
587 4257 651 4298 nou
681 4241 896 4318 cognouerunt
923 4256 996 4297 eum
1024 4235 1078 4298 sed
1109 4232 1252 4299 fecerunt
1281 4233 1311 4298 ei
1344 4247 1461 4318 quanto

235 4334 411 4425 uoluerunt.
437 4332 463 4371 ¹³
486 4333 576 4400 Tunc
600 4336 825 4400 intellexerunt
847 4334 993 4421 discipuli
1015 4336 1099 4420 quod
1121 4336 1159 4400 de
1172 4335 1308 4400 iohanne
1323 4335 1461 4419 baptista

236 4434 318 4500 dixit
338 4435 413 4502 illis.
437 4435 482 4502 sic
506 4443 537 4502 et
558 4437 642 4502 filius
654 4436 792 4502 hominis
807 4460 935 4502 necesse
951 4438 1046 4502 habet
1060 4437 1127 4524 pati
1142 4438 1180 4502 ab
1196 4437 1251 4502 eis.
1276 4435 1303 4472 ¹⁴
1324 4438 1367 4501 Et
1390 4460 1460 4501 cum

234 4536 374 4604 uenisset
396 4539 435 4603 ad
457 4539 581 4605 turbam
604 4540 734 4604 accessit
756 4540 796 4604 ad
819 4563 892 4604 eum
916 4541 1009 4605 homo
1032 4539 1165 4624 genibus
1193 4539 1367 4625 prouolutis
1386 4545 1460 4602 ante

234 4661 307 4703 eum
330 4640 445 4708 dicens.
474 4642 536 4706 dne
565 4640 713 4706 miserere
742 4641 807 4707 filio
840 4665 910 4707 meo
934 4641 1008 4723 quia
1041 4641 1198 4708 lunaticus
1231 4649 1279 4706 est
1311 4648 1343 4708 et
1376 4642 1460 4707 male
