3467 5192
320 300 362 364 30
750 296 787 362 (c.
808 295 836 362 l)
856 294 1036 362 euangelium
1054 310 1112 349 sec.

320 468 484 555 discipulis
513 466 581 532 eius
614 467 676 531 duo
693 465 720 504 ³⁶
738 470 770 532 et
803 466 975 552 respiciens
1008 466 1076 531 ihm
1110 466 1324 532 ambulantem
1358 465 1440 532 dixit
1474 489 1545 533 ecoe

320 595 419 657 agnus
443 570 493 636 dei
515 569 664 655 eccequi
686 570 961 654 tollatpeocatum
985 570 1104 634 mundi.
1150 566 1178 607 ⁸²
1220 570 1264 634 Et
1287 568 1456 634 audierunt
1470 593 1542 635 eum

320 676 381 740 duo
404 671 550 758 discipuli
573 672 642 738 eius
663 673 844 758 loquentem
867 680 900 738 et
921 672 1023 738 secuti
1045 679 1119 737 sunt
1140 671 1218 736 ihm.

404 777 467 841 111.
513 772 540 812 ³⁸
584 774 764 840 Conuersus
800 782 906 839 autem
936 774 988 838 ihs
1016 781 1048 840 et
1081 774 1193 840 uidens
1226 798 1278 840 eos
1310 781 1477 860 sequentes
1510 799 1543 842 se

319 879 402 945 dixit
424 878 479 944 eis.
502 876 580 962 quid
603 877 763 962 quaeritis.
787 878 842 964 qui
865 876 1015 942 dixerunt
1036 877 1065 943 ei
1094 878 1182 942 rabbi
1202 877 1285 962 quod
1303 877 1419 943 dieitur
1447 878 1542 944 inter·

318 987 495 1070 praetatum
518 980 668 1066 magister
691 980 744 1045 ubi
778 1003 895 1045 manes.
914 978 942 1019 ³⁹
961 978 1039 1044 dicit
1070 979 1115 1045 eis
1138 979 1190 1044 ihs
1222 979 1331 1045 uenite
1364 986 1396 1045 et
1426 981 1543 1047 uidete.

318 1089 476 1150 uenerunt
497 1091 530 1149 et
551 1083 701 1149 uiderunt
727 1081 782 1148 ubi
816 1091 958 1148 maneret
990 1088 1022 1148 et
1054 1082 1139 1168 apud
1172 1107 1243 1148 eum
1278 1090 1460 1149 manserunt
1492 1085 1544 1149 die

318 1188 381 1254 illo.
405 1189 483 1252 hora
506 1192 612 1252 autem
636 1193 703 1250 erat
725 1185 816 1272 quasi
838 1184 1078 1251 decima⁴⁰erat
1099 1191 1204 1250 autem
1229 1187 1360 1252 andreas
1379 1186 1475 1252 frater
1503 1186 1542 1252 si·

317 1289 419 1355 monis
441 1289 522 1375 petri
546 1311 628 1353 unus
651 1313 691 1354 ex
716 1288 837 1353 duobus
873 1288 925 1373 qui
959 1287 1125 1354 audierant
1158 1313 1176 1352 a
1207 1289 1345 1354 iohanne
1379 1296 1411 1355 et
1442 1288 1542 1354 secuti

317 1399 407 1458 erant
428 1415 510 1458 eum.
555 1387 583 1428 ⁴¹
626 1389 759 1456 Inuenit
786 1390 839 1455 hic
865 1391 1004 1476 primum
1037 1391 1166 1455 fratrem
1198 1415 1292 1456 suum
1325 1391 1477 1457 simonem
1511 1399 1544 1456 et

316 1495 394 1560 dicit
415 1493 445 1558 ei
467 1493 649 1559 inuenimus
673 1492 821 1558 messiam
846 1494 931 1575 quod
953 1501 1001 1558 cst
1022 1491 1284 1579 interpraetatum
1313 1498 1373 1580 xps
1389 1492 1462 1559 ⁴2et
1483 1495 1541 1558 'ad-

316 1597 408 1662 duxit
429 1619 501 1661 eum
526 1596 565 1660 ad
587 1596 663 1660 ihr'r'r.
707 1595 850 1661 Intuitus
873 1604 978 1662 autem
1008 1619 1080 1660 eum
1107 1596 1159 1660 ihs
1192 1595 1273 1662 dixit
1305 1605 1341 1662 tu
1374 1597 1406 1662 e‘s
1440 1597 1542 1662 aimon

314 1700 398 1765 filius
420 1699 567 1764 iohannis
594 1703 630 1764 tn
664 1697 827 1764 uocaueris
861 1698 998 1784 chephas
1032 1699 1116 1783 quod
1148 1699 1394 1785 interpraetatur
1424 1706 1541 1786 petrus.

315 1800 342 1839 ⁴³
386 1802 427 1866 In
450 1801 620 1866 crastiuum
645 1807 750 1866 autem
776 1800 879 1867 uoluit
901 1801 989 1866 exire
1017 1802 1051 1866 in
1080 1801 1246 1886 galilaeam
1280 1809 1312 1866 et
1344 1803 1541 1888 proficiscens

314 1904 439 1970 inuenit
461 1902 649 1990 philippum.
675 1913 707 1969 et
730 1903 808 1970 dicit
830 1903 861 1969 ei
884 1904 936 1969 ihs
963 1927 1114 1989 sequaere
1147 1929 1207 1969 me.
1251 1903 1281 1942 ⁴⁴
1323 1905 1402 1970 Erat
1435 1911 1540 1970 autern

315 2007 477 2095 philippus
501 2031 520 2072 a
541 2006 690 2072 bedsaida
712 2007 750 2071 de
773 2006 905 2072 ciuitate
927 2007 1062 2072 andreae
1084 2014 1117 2071 et
1138 2007 1228 2093 petri.
1242 2006 1271 2045 ⁴⁵
1286 2006 1411 2074 inuenit
1426 2007 1541 2093 philip·

314 2132 373 2197 pus
395 2111 567 2175 nathanael
589 2115 621 2174 et
643 2108 719 2174 dicit
740 2109 771 2174 ei
793 2131 890 2194 quem
915 2109 1026 2175 scribit
1047 2133 1171 2196 moyses
1193 2109 1226 2174 in
1250 2111 1319 2195 lege
1341 2116 1373 2174 et
1401 2108 1540 2196 prolatae

313 2212 496 2278 inuenimus
520 2212 585 2276 ihm
608 2211 709 2277 filium
733 2211 843 2298 ioseph
866 2211 920 2298 qui
944 2220 992 2277 est
1014 2236 1032 2277 a
1055 2212 1213 2277 nazareth.
1259 2211 1287 2250 ⁴⁶
1330 2213 1374 2277 Et
1402 2211 1484 2277 dixit
1510 2211 1540 2277 ei

316 2316 495 2380 nathanael.
519 2338 538 2379 a
561 2315 712 2380 nazareth
733 2321 837 2400 potest
859 2314 979 2399 aliquid
1001 2315 1076 2379 boni
1098 2338 1175 2381 esse.
1211 2314 1300 2380 Dicit
1322 2314 1352 2379 ei
1380 2313 1541 2401 philippus

313 2418 390 2484 ueni
413 2426 445 2483 et
467 2416 549 2481 uide.
595 2416 623 2455 ⁴⁷
666 2417 788 2483 Uidens
813 2422 919 2482 autem
943 2417 995 2481 ihs
1018 2419 1187 2483 nathanael
1220 2417 1400 2483 uenientem
1435 2418 1471 2481 ad
1506 2440 1540 2482 se

313 2521 396 2587 dixit
418 2523 456 2586 de
480 2546 516 2587 eo
541 2543 611 2586 ecce
633 2543 709 2585 uere
731 2519 908 2585 istrahelita
930 2519 961 2583 in
986 2543 1049 2603 quo
1072 2521 1161 2585 dolus
1176 2525 1216 2584 no
1233 2529 1288 2586 est.
1305 2517 1423 2585 ⁴⁸di0it
1436 2520 1466 2584 ei
1487 2543 1539 2584 na·

313 2625 440 2690 thanael
462 2625 546 2689 unde
569 2647 620 2688 me
643 2623 735 2688 nosti.
759 2622 922 2708 respondit
945 2622 974 2687 ei
997 2622 1048 2686 ihs
1081 2632 1114 2688 et
1146 2622 1229 2687 dixit
1259 2624 1289 2687 ei
1322 2621 1474 2708 priusque
1507 2630 1539 2688 te

313 2726 476 2812 philippus
498 2731 625 2790 uocaret
648 2749 719 2790 cum
742 2748 826 2790 esses
849 2726 907 2790 sub
930 2726 1039 2790 arbore
1060 2727 1122 2790 ficu
1143 2725 1211 2790 uidi
1237 2735 1278 2791 te.
1323 2724 1351 2763 ⁴⁹
1396 2729 1536 2814 Respon-

312 2828 358 2894 dit
381 2828 411 2892 ei
433 2828 602 2894 nathanael
625 2832 657 2891 et
679 2826 725 2892 ait
747 2827 835 2892 rabbi
862 2833 898 2891 tu
927 2851 960 2891 es
987 2827 1071 2893 filius
1102 2828 1135 2892 di
1168 2834 1204 2894 tu
1237 2851 1273 2894 es
1306 2853 1363 2893 rex
1396 2829 1534 2896 istrahel.

312 2929 340 2968 ⁵⁰
381 2930 559 3017 Respondit
582 2931 633 2994 ihs
656 2936 687 2995 et
709 2929 788 2995 dixit
812 2929 840 2995 ei
864 2929 939 3016 quia
962 2929 1030 2994 dixi
1052 2930 1110 2994 tibi
1134 2930 1200 2995 uidi
1222 2940 1255 2996 te
1276 2955 1347 2997 cum
1375 2956 1458 2999 esses
1480 2935 1537 2998 sub

311 3035 420 3100 arbore
442 3035 518 3098 ficus
540 3041 669 3119 propter
691 3056 728 3097 ea
751 3032 861 3099 credis.
886 3032 1004 3097 maiora
1030 3033 1141 3097 horum
1170 3033 1293 3098 uidebis
1306 3033 1331 3071 ⁵¹
1344 3046 1376 3100 et
1397 3035 1474 3101 dicit
1506 3036 1537 3101 ei

311 3160 403 3202 arnen
425 3159 517 3201 amen
541 3134 609 3200 dico
632 3135 722 3200 uobis
744 3134 895 3200 uidebitis
918 3136 1041 3202 caelum
1063 3144 1175 3220 apertu
1205 3143 1237 3201 et
1266 3138 1394 3222 angelos
1427 3138 1459 3202 di
1492 3162 1537 3204 as·

310 3240 479 3304 uendentes
502 3245 533 3304 et
556 3238 773 3304 descententes
796 3260 893 3324 supra
914 3237 983 3302 filiii
1007 3237 1151 3302 hominis.

394 3342 454 3410 IV.
480 3347 519 3418 (o.
545 3343 587 3420 2).
634 3340 645 3376 ¹
690 3341 733 3405 Dt
755 3339 806 3405 die
832 3339 927 3406 tertia
949 3340 1079 3426 nuptiae
1106 3340 1207 3407 factae
1240 3348 1314 3408 sunt
1346 3343 1380 3408 in
1402 3367 1480 3416 cana
1502 3345 1536 3410 in

309 3444 462 3528 galilaeae
485 3448 517 3508 et
539 3449 606 3508 erat
630 3447 730 3507 mater
752 3442 809 3507 ihil
828 3442 873 3507 ibi
895 3442 1041 3509 inuitata.
1087 3443 1100 3479 ²
1145 3444 1283 3510 eratus
1307 3453 1481 3512 astantem
1504 3453 1537 3513 et

308 3546 360 3612 ihs
382 3553 414 3612 et
436 3544 586 3632 discipuli
608 3545 677 3610 eius
698 3546 737 3610 ad
760 3545 887 3633 nuptias
911 3544 923 3582 ³
948 3546 1059 3611 uinum
1093 3570 1155 3611 non
1188 3549 1347 3614 habebant
1386 3549 1536 3635 quoniam

309 3656 558 3715 consummatum
579 3654 626 3713 est
637 3647 746 3712 uiuum
760 3648 942 3734 nuptiarum
959 3657 990 3714 et
1002 3648 1078 3714 dicit
1090 3660 1190 3715 mater
1200 3649 1257 3714 ihu
1281 3652 1320 3716 ad
1335 3676 1409 3718 eum
1423 3651 1535 3717 uinum

308 3750 398 3835 noln)
423 3751 539 3815 habent
559 3748 673 3816 fili⁴et
696 3751 772 3817 dicit
794 3752 824 3816 ei
848 3751 899 3816 ihs
922 3751 999 3838 quid
1021 3751 1099 3816 mihi
1123 3760 1155 3818 et
1177 3752 1236 3818 tibi
1258 3762 1306 3819 est
1328 3754 1443 3820 mulier
1457 3779 1534 3821 non·

309 3853 384 3917 dum
406 3853 496 3918 uenit
518 3853 595 3918 hora
618 3877 697 3917 mea.
742 3852 755 3892 ⁶
798 3854 889 3918 Dicit
911 3861 1010 3920 mater
1033 3854 1101 3920 eius
1127 3854 1281 3921 ministris
1310 3858 1535 3945 quodqumque

308 3954 424 4020 dixerit
439 3955 528 4020 uobis
540 3954 642 4020 facite.
656 3955 669 3993 ⁶
681 3964 770 4021 erant
792 3964 898 4022 autem
911 3956 956 4021 ibi
968 3957 1090 4043 positae
1102 3956 1264 4043 laepideae
1278 3961 1315 4040 (1)
1328 3960 1458 4044 hydriae
1479 3985 1536 4026 sex

308 4057 479 4122 secundum
502 4057 754 4143 purifieationem
779 4058 963 4123 iudaeorum
987 4059 1146 4146 capientes
1168 4059 1309 4144 singulae
1325 4070 1473 4130 metretas
1492 4064 1535 4128 bi-

307 4182 364 4224 nas
378 4160 430 4224 uel
442 4167 553 4225 ternas.
571 4160 583 4198 ⁷
595 4169 627 4225 et
640 4184 754 4226 uocans
769 4161 821 4226 ihs
836 4160 989 4227 ministris
1001 4162 1078 4228 dicit
1089 4163 1135 4228 eis
1146 4162 1278 4249 implete
1293 4164 1421 4250 hydrias
1442 4189 1533 4250 aqua.

308 4265 339 4326 et
356 4261 561 4348 inpleuerunt
583 4288 636 4329 eas
659 4286 758 4348 usque
781 4264 820 4328 ad
842 4287 1011 4329 summum.
1035 4262 1049 4302 ⁸
1071 4265 1160 4334 Dicit
1182 4265 1228 4330 eis
1243 4267 1295 4331 ihs
1310 4268 1435 4334 haurite
1450 4290 1534 4333 nunc

307 4369 339 4428 et
360 4363 441 4429 ferte
463 4365 677 4431 architriclino
706 4373 739 4431 et
771 4365 916 4432 fecerunt
948 4373 1028 4432 siout
1061 4367 1144 4432 dixit
1177 4367 1249 4434 illis.
1295 4367 1308 4406 ⁹
1352 4370 1397 4436 Ut
1427 4378 1533 4436 autem

306 4467 447 4550 gustauit
480 4467 723 4534 architriclinius
745 4491 859 4553 aquam
882 4468 992 4533 uinum
1017 4468 1130 4534 laetam
1154 4477 1187 4537 et
1212 4495 1274 4536 non
1302 4473 1421 4538 sciebat
1450 4473 1533 4538 unde

307 4568 424 4634 facturn
447 4581 538 4635 esset.
564 4570 701 4634 ministri
725 4577 829 4635 autem
854 4570 995 4637 sciebant
1017 4571 1072 4656 qui
1094 4573 1277 4639 haurierant
1298 4598 1422 4660 aquam.
1468 4576 1531 4641 Uo·

306 4678 356 4737 cat
376 4694 524 4758 sponsum
537 4671 780 4738 architriclinius
794 4671 821 4710 ²⁰
832 4681 864 4738 et
887 4673 966 4740 dicit
980 4674 1019 4742 ei.
1036 4675 1138 4742 omnis
1153 4681 1245 4741 homo
1260 4676 1399 4762 primum
1414 4679 1533 4744 bonum
