3467 5192
289 241 332 306 72
722 243 760 310 (c.
781 245 810 311 b)
830 243 1011 310 euangelium
1028 259 1085 297 aee.

289 409 358 476 sine
380 409 586 479 fundamento
609 413 706 492 allisit
738 416 857 480 flumen
891 413 986 480 domu
1019 412 1067 478 illi
1097 418 1130 479 et
1158 414 1308 482 continuo
1340 417 1454 483 cecidit
1487 424 1523 485 at

264 553 267 560 -
289 510 373 578 facta
396 518 443 578 est
463 515 556 580 ruina
578 517 690 582 domus
712 516 800 582 illius
823 540 946 601 magna.

375 615 471 684 XVI.
499 625 538 695 (a.
563 620 596 696 7)
643 617 653 656 ¹
698 621 742 684 Et
764 618 884 684 factum
906 624 954 684 est
984 641 1056 683 cum
1090 619 1252 705 implesset
1283 620 1390 685 omnia
1422 623 1523 687 uerba

292 719 368 802 [aua]
392 717 427 784 in
448 742 540 786 aures
563 721 664 807 plebis
685 720 819 787 intrauit
849 721 1071 807 capharnaum.
1118 719 1130 757 ²
1174 721 1379 788 Oenturionis
1412 729 1519 789 autem

289 820 453 887 cuiusdam
476 844 587 904 seruus
609 823 691 888 male
712 825 832 902 habens
856 829 923 889 erat
945 822 1116 889 moriturus
1138 823 1193 909 qui
1224 822 1273 889 illi
1302 834 1370 889 erat
1402 825 1519 911 pretio·

289 945 351 988 sus.
366 920 422 988 ³et
445 947 516 989 cum
539 925 678 992 audisset
700 927 738 991 de
761 924 818 990 ihc
842 925 928 990 misit
950 925 1089 991 seniores
1111 925 1276 991 iudeorum
1301 949 1415 1011 rogans
1445 952 1519 993 eurn

288 1031 326 1091 ut
347 1023 473 1110 ueniret
495 1032 528 1092 et
549 1026 720 1094 liberarent
742 1051 871 1094 seruum
893 1027 971 1092 eius.
1016 1026 1031 1064 ⁴
1073 1028 1128 1093 Ad
1150 1028 1198 1091 illi
1221 1029 1393 1094 uenierunt
1419 1037 1451 1095 et
1473 1053 1520 1095 ro

288 1129 406 1213 gabant
427 1127 493 1192 ihm
517 1129 640 1196 solicite
662 1130 804 1196 dicentes
826 1129 902 1216 quia
925 1130 1039 1214 dignus
1063 1134 1111 1194 est
1139 1137 1176 1195 ut
1203 1132 1264 1196 hoc
1298 1130 1347 1195 illi
1380 1138 1521 1217 praestes.

289 1229 419 1317 ⁶diligit
440 1230 526 1296 enim
548 1239 676 1317 gentem
698 1240 836 1298 nostram
860 1239 893 1297 et
915 1242 1075 1318 synagoga
1097 1231 1166 1319 ipse
1188 1232 1395 1314 aedi(fi)cauit
1418 1233 1517 1300 nobis.

290 1331 380 1400 ‘ibat
401 1339 602 1404 autemcum
624 1333 688 1398 illis
713 1335 774 1400 ihs.
813 1322 863 1400 'Et
887 1358 957 1400 curn
980 1334 1043 1398 iam
1067 1357 1130 1399 non
1152 1334 1245 1419 longe
1267 1342 1350 1401 esset
1379 1359 1398 1400 a
1426 1337 1523 1403 domo

287 1434 376 1502 misit
386 1436 426 1501 ad
449 1435 540 1501 illum
563 1436 705 1503 centurio
728 1436 846 1502 amicos
870 1437 976 1502 dicens
999 1437 1036 1502 ei.
1062 1437 1124 1501 dr're
1138 1437 1205 1502 noli
1220 1461 1338 1502 nexare
1352 1461 1416 1504 non
1432 1439 1518 1504 enirn

288 1537 402 1624 dignus
425 1553 496 1603 sum
518 1545 554 1606 ut
576 1540 633 1604 sub
655 1544 739 1605 tecto
762 1562 831 1604 meo
854 1539 953 1604 intres
967 1539 979 1577 ⁷
992 1539 1130 1625 [propter
1160 1540 1244 1623 qnod
1272 1547 1304 1606 et
1333 1562 1384 1604 mc
1414 1541 1519 1627 ipsum

287 1664 353 1706 non
375 1664 445 1706 sum
468 1640 599 1727 dignum
622 1641 790 1707 arbitratus
813 1649 849 1708 ut
871 1642 1015 1707 uenirem
1043 1641 1082 1706 ad
1110 1643 1151 1724 te]
1186 1641 1241 1707 sed
1275 1642 1326 1708 dio
1358 1645 1453 1708 uerbo
1486 1649 1524 1709 et

287 1741 450 1809 sanabitur
471 1765 550 1829 puer
572 1765 671 1810 meus.
686 1742 784 1809 ⁸nam
808 1768 865 1829 ego
888 1746 982 1809 homo
1005 1767 1074 1809 sum
1097 1745 1156 1810 sub
1178 1749 1334 1830 potestate
1366 1745 1517 1812 constitu·

287 1852 340 1911 tus
361 1847 481 1912 habens
504 1847 569 1929 sub·
584 1868 634 1912 me
657 1847 777 1912 milites
799 1852 832 1911 et
853 1845 924 1911 dico
946 1845 1022 1911 huic
1043 1847 1125 1911 uude
1149 1856 1181 1910 et
1204 1845 1292 1911 uadit
1315 1855 1348 1912 et
1365 1847 1427 1912 alio
1442 1847 1519 1913 ueni

286 1953 318 2013 et
340 1947 431 2014 uenit
453 1954 486 2015 et
507 1970 599 2014 seruo
621 1971 691 2014 meo
714 1948 764 2015 fac
785 1950 845 2014 hoc
867 1955 900 2013 et
923 1948 1007 2014 facit.
1053 1947 1066 1986 ⁹
1110 1947 1182 2032 Quo
1209 1949 1316 2014 audito
1345 1949 1397 2013 ihs
1425 1950 1516 2014 mira·

287 2055 338 2116 tus
362 2055 410 2115 est
432 2057 464 2116 et
486 2073 656 2116 conuersus
679 2051 885 2143 sequentibus
907 2073 941 2116 se
966 2050 1087 2133 [turbis]
1112 2051 1195 2116 dixit
1216 2075 1308 2116 amen
1331 2074 1424 2117 amen
1447 2051 1521 2117 dioc

287 2150 378 2218 uobis
400 2151 434 2217 iu
456 2152 544 2218 nullo
566 2157 688 2220 tantam
710 2153 803 2218 fidem
827 2152 940 2218 inueni
962 2153 996 2217 in
1014 2155 1154 2219 istrahel.
1169 2153 1196 2192 ¹⁰
1207 2161 1239 2219 et
1254 2153 1373 2218 reuersi
1389 2154 1517 2219 domurn

287 2252 344 2339 qui
366 2252 454 2320 missi
477 2261 567 2321 erant
589 2255 782 2322 inuenerunt
804 2278 931 2321 seruum
954 2279 1076 2320 sanum.

371 2356 488 2425 XVII.
536 2356 561 2394 1¹
605 2359 649 2423 Et
672 2358 790 2423 factum
814 2364 861 2424 est
890 2357 1040 2444 deinceps
1074 2357 1140 2423 ibat
1173 2356 1205 2420 in
1238 2357 1401 2424 ciuitatem
1435 2381 1517 2444 quae

286 2465 418 2525 uocatur
441 2459 517 2524 nain
540 2465 571 2526 et
593 2459 681 2526 ibant
703 2484 775 2525 cum
798 2460 853 2526 illo
876 2460 1022 2546 discipuli
1050 2459 1119 2526 eius
1152 2467 1185 2525 et
1216 2461 1308 2525 turba
1341 2459 1474 2546 copiosa.
1489 2459 1521 2497 ¹²

286 2565 318 2628 et
341 2560 460 2627 factum
483 2568 530 2629 est
553 2587 624 2630 oum
649 2562 849 2650 adpropiaret
870 2570 980 2649 portae
1002 2561 1142 2628 ciuitatis
1165 2568 1198 2627 et
1229 2584 1300 2628 ecce
1327 2562 1523 2628 efferebatur

285 2661 454 2730 defunctus
475 2664 559 2730 filius
581 2664 694 2731 unicus
716 2665 825 2731 matris
848 2687 923 2730 suae
951 2671 984 2730 et
1015 2666 1094 2730 haec
1126 2665 1225 2729 uidua
1258 2671 1326 2729 erat
1358 2671 1392 2729 et
1423 2667 1517 2730 turba

285 2766 387 2831 multa
410 2787 480 2832 cum
502 2765 567 2830 illa.
613 2765 639 2804 ²³
684 2765 788 2850 Quam
812 2790 883 2832 cum
908 2768 1032 2832 uideret
1062 2768 1130 2832 dms
1164 2765 1379 2832 misericordia
1412 2774 1522 2832 motus

286 2867 368 2934 dixit
388 2867 438 2933 illi
460 2867 526 2933 noli
547 2866 705 2934 flere¹4ot
726 2869 860 2935 adcessit
883 2876 915 2934 et
936 2868 1043 2953 tetigit
1064 2869 1238 2951 loc(ul)um.
1262 2868 1297 2932 hi
1322 2875 1429 2934 autem
1460 2868 1516 2955 qui

285 2970 452 3057 portabant
475 2975 631 3037 steterunt
653 2978 685 3038 et
705 2970 752 3036 ait
773 2970 834 3036 ihr.
851 2972 1038 3037 adulescens
1053 2971 1237 3041 adulescens
1252 2970 1312 3036 tibi
1326 2969 1396 3035 dico
1411 2993 1515 3056 surge.

285 3071 358 3140 ¹⁶et
379 3072 497 3139 resedit
520 3072 575 3158 qui
598 3079 665 3140 erat
686 3079 829 3140 mortuns
852 3081 884 3140 et
906 3074 1010 3159 coepit
1031 3073 1126 3159 loqui.
1152 3078 1184 3138 et
1206 3073 1293 3138 dedit
1314 3073 1406 3138 illum
1421 3073 1516 3138 matri

234 3225 238 3230 -
285 3199 369 3242 suae.
419 3174 447 3214 ¹⁶
489 3176 626 3262 Accepit
648 3182 754 3242 autem
777 3200 885 3242 omnes
908 3176 1003 3242 timor
1025 3181 1057 3242 et
1079 3176 1322 3259 magnificabant
1343 3175 1396 3239 dm
1413 3176 1517 3242 dicen-

285 3281 333 3346 tes
355 3280 439 3363 quod
461 3279 614 3364 propheta
636 3301 768 3364 magnus
790 3277 929 3344 surrexit
949 3278 983 3342 in
1014 3277 1104 3344 nobis
1134 3283 1166 3342 et
1195 3277 1271 3360 quia
1301 3276 1448 3342 uisitauit
1477 3279 1521 3342 de

284 3380 409 3468 plebem
434 3403 524 3446 suam
547 3383 581 3446 in
603 3380 694 3447 bono.
709 3380 735 3419 ¹⁷
747 3387 780 3446 et
801 3379 904 3446 exiuit
924 3380 978 3446 hio
999 3402 1101 3447 sermo
1123 3380 1158 3445 in
1179 3379 1330 3445 uniuersa
1352 3380 1466 3445 iudaea
1484 3388 1518 3446 et

284 3481 319 3548 in
342 3481 460 3547 omnim
475 3485 513 3565 (l)
536 3482 652 3549 confini
674 3481 812 3567 regione.

369 3585 505 3654 XVIII.
553 3583 580 3622 ²⁸
622 3587 667 3654 Elt
689 3585 925 3651 nunciauerunt
946 3583 1078 3650 iohanni
1101 3584 1250 3671 discipuli
1272 3585 1340 3652 eius
1362 3585 1401 3650 de
1417 3585 1520 3650 omni·v

284 3689 342 3755 bus
364 3687 425 3753 his.
441 3687 467 3726 ¹⁹
478 3694 511 3754 et
533 3687 715 3754 conuocatis
737 3689 858 3755 duobus
881 3686 1043 3773 discipulis
1065 3690 1130 3752 suis
1152 3687 1304 3753 iohannes
1327 3694 1359 3752 at
1373 3687 1460 3754 misit
1474 3687 1515 3752 ad

284 3790 357 3856 dom
380 3790 496 3856 dicens.
519 3796 556 3856 tu
578 3813 611 3856 es
635 3790 691 3875 qui
713 3798 867 3856 uenturus
890 3813 924 3855 es
946 3813 986 3854 an
1013 3789 1112 3854 alium
1132 3788 1515 3875 expectamus²⁰adueni

284 3897 373 3960 entes
396 3899 502 3959 autem
525 3893 658 3959 adeum
682 3892 745 3958 uiri
768 3892 918 3957 dixerunt
939 3892 1093 3957 iohannes
1115 3890 1251 3977 baptista
1273 3890 1360 3956 misit
1387 3915 1444 3958 nos
1473 3892 1514 3956 ad

272 3993 315 4062 ‘te
333 3995 447 4061 ¹dicens
469 4003 506 4061 tu
528 4019 561 4060 es
584 3995 640 4081 qui
662 4001 818 4061 uenturus
850 4018 883 4060 es
917 4018 958 4060 an
991 3993 1089 4058 alium
1123 3998 1327 4079 expectamus
1340 3992 1411 4058 ²¹in
1445 3994 1513 4078 ipsa

283 4105 390 4164 autem
412 4099 490 4163 hora
512 4098 642 4163 curabat
664 4097 779 4163 multos
803 4121 821 4162 a
848 4095 1053 4181 languoribus
1085 4102 1119 4161 et
1151 4094 1252 4182 plagis
1285 4101 1318 4160 et
1350 4095 1518 4182 spiritibus

282 4199 374 4266 malis
398 4205 431 4266 et
453 4200 555 4266 caecis
577 4200 686 4265 multis
708 4199 839 4265 donauit
859 4197 974 4265 uisum.
1021 4196 1047 4235 ⁹²
1091 4198 1136 4262 Et
1157 4197 1319 4284 respondit
1348 4199 1400 4263 ihs
1431 4197 1520 4263 dixit.

280 4303 346 4370 illis
369 4301 414 4370 ite
439 4300 588 4369 nunciate
617 4301 748 4367 iohanni
781 4325 861 4387 quae
896 4299 1023 4365 uidistis
1056 4306 1088 4365 et
1117 4299 1250 4366 audistis
1284 4298 1367 4366 caeci
1401 4299 1514 4365 uident

282 4404 388 4471 claudi
410 4405 573 4469 ambulant
604 4403 722 4490 leprosi
746 4403 940 4468 mundantur
972 4401 1059 4468 surdi
1093 4400 1229 4466 audiunt
1259 4401 1377 4466 mortui
1409 4425 1517 4467 resur·

281 4512 362 4592 gunt
384 4529 539 4594 pauperes
562 4505 821 4591 euangelizantur
834 4502 860 4541 ²³
874 4510 906 4570 et
927 4505 1038 4570 beatus
1060 4509 1109 4569 est
1131 4502 1323 4588 quicumque
1337 4527 1399 4569 non
1415 4503 1513 4569 fuerit

280 4607 318 4673 in
339 4631 391 4674 me
414 4608 651 4675 scandalizatus.
666 4607 735 4674 '‘et
757 4631 828 4673 cum
852 4605 1079 4688 discessise(n)t
1099 4605 1206 4672 nuntii
1231 4604 1379 4671 iohannis
1410 4605 1520 4693 coepit
