3467 5192
667 341 805 390 matteum
825 339 852 400 (c
873 341 927 402 12).
1404 337 1425 402 3

202 507 254 574 hic
276 531 370 595 quam
393 507 541 574 salomon.
566 505 593 545 ‘³
617 507 697 574 Oum
721 518 826 574 autem
850 508 1022 573 inmundus
1044 511 1098 593 sps
1113 507 1227 573 exierit
1243 508 1281 573 ab
1296 506 1424 572 homine

203 613 383 676 ambulabat
416 634 472 696 per
498 611 566 676 loca
595 610 682 675 arida
713 633 866 695 quaerens
894 609 1035 695 requiem
1074 624 1106 675 et
1142 633 1205 675 non
1238 610 1381 676 inueniet
1396 608 1425 646 ⁴⁴

202 724 278 779 tnnc
301 713 384 778 dicit.
410 719 549 778 reuertor
571 711 604 777 in
627 713 753 777 domum
778 736 879 777 meam
903 713 986 777 unde
1003 711 1089 777 exiui
1105 722 1137 776 et
1152 711 1284 777 ueniens
1302 711 1428 778 inuenit

203 839 270 880 eam
293 824 457 881 uacantem
480 816 582 901 scopis
605 815 756 879 mundata
779 823 811 878 et
838 824 980 880 ornatam
1001 813 1030 851 ⁴⁵
1051 825 1127 880 tunc
1153 814 1242 881 uadit
1270 823 1303 879 et
1335 815 1424 880 adsu-

203 917 261 983 mit
282 941 388 983 secum
411 929 530 1004 septem
553 917 630 996 alias
654 921 716 1004 spi.
739 919 906 1002 nequiores
936 941 969 983 se
999 926 1031 981 et
1057 919 1250 982 introeuntes
1280 917 1425 983 habitant

202 1020 236 1084 in
259 1043 295 1085 ec
318 1028 350 1085 et
370 1022 451 1086 fiunt
474 1019 644 1085 nouissima
665 1019 802 1084 hominis
823 1019 911 1086 illius
933 1019 1040 1106 peiora
1067 1019 1166 1105 magis
1197 1042 1292 1104 quam
1321 1021 1426 1107 priora

205 1121 320 1204 [ibusl.
344 1122 388 1187 sic
410 1121 470 1188 crit
490 1122 686 1207 generationi
708 1121 782 1188 huic
802 1122 964 1207 pessimae.

287 1223 496 1290 XXXVIH.
520 1222 548 1262 ⁴⁶
571 1224 660 1288 Haec
683 1246 720 1289 eo
741 1224 890 1308 loquente
913 1225 952 1290 ad
980 1226 1088 1290 turbas
1121 1247 1193 1292 ecce
1223 1233 1323 1291 mater
1355 1225 1424 1290 eius

203 1338 235 1392 et
256 1326 368 1393 fratres
397 1329 521 1392 stabant
543 1326 619 1393 foris
652 1341 838 1412 quaerentes
871 1328 957 1411 loqui
982 1351 1053 1392 cum
1075 1352 1112 1393 ec
1124 1326 1152 1365 ‘⁷
1164 1326 1245 1393 dixit
1266 1337 1370 1392 autem
1395 1328 1424 1392 ei

204 1429 308 1515 quida.
340 1453 411 1495 ecce
433 1440 533 1496 mater
555 1440 610 1495 tua
632 1438 664 1493 et
686 1427 797 1496 fratres
829 1429 876 1494 tui
903 1430 985 1494 fores
1007 1443 1092 1496 stant
1125 1438 1311 1513 quaerentes
1337 1428 1424 1513 loqui

202 1540 315 1599 tecum.
337 1530 366 1569 ⁴⁸
383 1531 421 1596 ad
451 1532 518 1618 ipse
541 1533 708 1619 respbdens
735 1531 852 1598 dicenti
884 1532 928 1598 ait
954 1534 1038 1618 'quae
1070 1541 1118 1598 est
1140 1539 1240 1598 mater
1271 1554 1342 1596 mea
1370 1539 1426 1596 aut

201 1634 313 1702 fratres
343 1635 415 1701 mci.
448 1633 476 1672 ‘⁹
502 1635 547 1702 Et
568 1636 741 1700 extendens
764 1635 858 1700 manti
881 1635 914 1699 in
938 1634 1107 1721 discipulos
1133 1657 1206 1701 suos
1232 1633 1322 1700 dixit.
1350 1657 1422 1700 ecce

202 1746 302 1804 mater
319 1761 389 1803 mea
404 1745 436 1802 et
450 1735 562 1803 fratres
584 1737 656 1802 mei.
671 1735 698 1774 ⁵⁰
709 1736 901 1822 quicumque
918 1736 1003 1802 enim
1020 1736 1131 1803 fecerit
1149 1737 1314 1802 uoluntate
1326 1734 1425 1822 patris

202 1841 264 1906 mei
292 1837 348 1926 qui
373 1840 407 1904 in
434 1839 527 1905 caelis
550 1846 605 1905 est.
629 1839 696 1926 ipsc
719 1863 807 1905 meus
829 1838 927 1905 frater
951 1848 983 1904 et
1004 1863 1090 1904 soror
1112 1851 1144 1905 et
1166 1846 1266 1905 mater
1288 1844 1344 1904 est.

307 1941 474 2007 XXXIX
507 1949 543 2022 (c.
579 1942 640 2022 13).
676 1940 687 1978 ¹
725 1942 765 2006 In
796 1941 851 2005 illa
884 1941 936 2007 dic
974 1942 1040 2008 exit
1071 1941 1123 2006 ihs
1165 1941 1214 2024 [de
1255 1941 1354 2023 como]
1393 1949 1427 2005 et

201 2044 329 2110 sedebat
369 2067 458 2110 secus
492 2069 585 2110 mare.
600 2043 656 2109 ²et
689 2053 914 2129 congraegatae
957 2053 1031 2110 sunt
1064 2043 1103 2109 ad
1137 2067 1209 2109 eum
1242 2044 1352 2108 turbae
1381 2041 1427 2108 ita

201 2153 237 2212 ut
266 2147 300 2211 in
336 2147 511 2212 nauicolam
550 2147 731 2212 ascenderet
764 2147 881 2213 sedere.
915 2155 948 2212 et
980 2169 1089 2212 omnes
1110 2147 1220 2212 turbae
1246 2146 1371 2210 stabant
1392 2143 1426 2208 in

201 2249 301 2314 litore.
326 2247 339 2287 ³
361 2249 405 2314 Et
434 2250 558 2314 locutus
586 2258 632 2314 ast
661 2249 700 2314 ad
727 2269 780 2314 aas
814 2250 913 2315 multa
945 2248 978 2313 in
1012 2248 1166 2335 parabolis
1204 2249 1319 2313 dicens.
1355 2268 1426 2311 acce

201 2351 280 2416 exiit
316 2351 370 2436 qui
410 2351 546 2417 seminat
585 2350 749 2416 seminare.
766 2350 826 2417 4et
859 2375 929 2416 cum
971 2351 1107 2418 seminat
1154 2349 1306 2436 quaedam
1349 2348 1426 2415 ceci·

202 2455 315 2520 derunt
336 2476 425 2519 secus
448 2454 534 2519 uiam
549 2463 581 2518 et
592 2459 748 2519 uenerunt
759 2455 904 2519 uolucres
916 2460 948 2519 et
965 2455 1178 2520 comederunt.
1197 2452 1254 2518 ⁵et
1269 2451 1423 2536 quaedam

202 2562 307 2622 autem
332 2555 530 2622 caeciderunt
550 2560 583 2621 in
611 2563 735 2643 petrosa
763 2555 818 2622 ubi
850 2580 914 2622 non
944 2557 1078 2622 habebat
1106 2559 1191 2622 terra
1221 2554 1360 2619 multam.
1392 2562 1425 2618 et

202 2657 350 2725 continuo
372 2659 502 2724 exhorta
524 2667 598 2725 sunt
620 2659 694 2744 quia
716 2682 779 2725 non
801 2659 959 2725 habebant
984 2659 1183 2725 altitudinem
1209 2664 1321 2724 terrae.
1334 2656 1424 2722 ⁸sole

202 2769 307 2827 autem
330 2768 397 2827 orto
419 2768 643 2827 aestuauerunt
665 2761 793 2847 etquis
819 2783 882 2826 nou
912 2763 1071 2827 habebant
1096 2760 1234 2827 radicem
1263 2767 1422 2825 aruerunt.

204 2864 215 2903 ⁷
236 2864 299 2929 alia
321 2869 394 2929 autb
418 2863 598 2930 ceciderunt
619 2864 653 2929 in
676 2863 774 2950 spinis
797 2875 828 2929 et
854 2872 1024 2930 creuerunt
1054 2864 1164 2950 spinae
1192 2870 1224 2928 et
1251 2862 1423 2927 suffocans·

201 2975 275 3031 runt
297 2989 341 3031 ea.
367 2963 380 3003 ⁸
402 2967 479 3031 Alia
501 2989 576 3032 uero
598 2966 797 3032 caeciderunt
818 2966 853 3031 in
874 2974 990 3032 terram
1013 2967 1126 3031 bonam
1149 2972 1182 3030 et
1202 2965 1318 3030 dabant
1345 2962 1424 3028 fruc

201 3078 269 3134 tum
291 3069 445 3154 quaedam
468 3071 672 3136 centesimum
696 3069 782 3134 aliud
804 3068 1037 3153 sexagesimum
1058 3069 1143 3133 aliud
1169 3066 1385 3132 tricensimum
1409 3067 1424 3103 ⁹

201 3173 256 3256 qui
278 3165 373 3236 habet
394 3195 484 3237 aures
507 3171 655 3237 audiendi
677 3171 792 3237 audiat.
822 3169 849 3208 ¹⁰
878 3170 923 3237 Et
954 3171 1136 3237 accedentes
1163 3167 1309 3256 discipuli
1338 3167 1422 3234 dixe·

201 3280 275 3339 runt
298 3275 327 3340 ei
350 3295 447 3360 quare
468 3274 502 3338 in
523 3273 678 3361 parabolis
700 3273 837 3360 loqueris
859 3274 900 3339 ad
922 3296 983 3340 eos.
1009 3271 1035 3309 ¹¹
1057 3272 1112 3337 Ad
1137 3271 1206 3360 ipse
1231 3271 1423 3358 respondens

202 3376 246 3443 ait
268 3376 331 3442 illis
360 3377 434 3462 quia
463 3375 553 3442 uobis
578 3377 654 3441 datu
682 3384 730 3442 est
760 3367 858 3442 nosse
878 3375 1061 3460 my(s)teri1'1
1092 3374 1191 3461 regui.
1221 3373 1286 3439 illis
1316 3381 1422 3438 autem

201 3502 265 3544 non
287 3486 334 3544 est
356 3479 462 3544 datum
487 3477 514 3515 ¹²
536 3477 591 3563 qni
613 3477 698 3543 enim
720 3479 815 3544 habet
836 3478 963 3544 dabitur
984 3477 1014 3544 ei
1037 3485 1069 3543 et
1090 3479 1270 3544 abundabit.
1294 3478 1349 3564 qui
1371 3501 1423 3542 an-

200 3587 264 3646 tem
287 3604 350 3646 non
372 3582 467 3647 habet
489 3589 521 3646 et
543 3580 625 3666 quod
647 3581 742 3646 habet
765 3579 925 3646 auferetur
947 3581 985 3645 ab
1008 3603 1052 3645 ec.
1078 3579 1104 3617 ¹⁸
1126 3581 1203 3646 Ideo
1218 3579 1251 3645 in
1267 3578 1423 3666 parabolis

200 3683 310 3768 loquor
332 3683 377 3749 eis
399 3691 435 3749 ut
457 3682 601 3749 uidentes
624 3706 686 3749 non
708 3683 837 3749 uideant
860 3697 892 3748 et
921 3682 1085 3748 audientes
1115 3683 1199 3765 [non]
1232 3682 1363 3748 audiant
1391 3695 1424 3748 et

200 3808 262 3850 non
285 3785 472 3871 intellegant
493 3809 533 3851 ue
556 3787 658 3871 quade
681 3791 914 3850 conuertuntur.
940 3785 967 3821 ¹⁴
989 3792 1021 3850 et
1043 3793 1119 3850 tnnc
1139 3784 1314 3871 inpleuitur
1327 3786 1362 3849 in
1378 3784 1422 3850 eis

200 3885 357 3974 profeti(a)
380 3888 481 3953 esaiae
504 3887 636 3954 dicentis
658 3887 739 3952 uade
761 3897 793 3952 et
823 3887 873 3953 dic
903 3886 1018 3973 populo
1044 3887 1119 3952 huic
1148 3887 1259 3952 auditu
1288 3885 1423 3953 audietis

201 3996 234 4054 et
254 4011 318 4054 non
339 3989 533 4076 intellegitis.
563 3996 595 4056 et
615 3990 760 4056 uidentes
782 3989 932 4055 uidebitis
957 3997 990 4054 et
1015 4013 1077 4054 non
1097 3988 1255 4055 uidebitis.
1270 3988 1297 4028 ¹⁶
1309 3990 1423 4055 incras-

201 4091 271 4156 satu
295 4100 341 4157 cst
363 4091 447 4156 enim
471 4116 523 4158 cor
544 4093 652 4179 populi
682 4093 778 4157 huius
807 4099 838 4157 et
869 4091 997 4156 auribus
1023 4091 1161 4176 grauiter
1190 4090 1359 4158 audierunt
1392 4098 1425 4157 ct

202 4195 325 4261 occulos
347 4217 419 4260 suos
443 4195 602 4260 cluserunt
624 4218 663 4260 ne
687 4195 811 4279 quaudo
833 4194 964 4259 uideant
986 4193 1094 4259 oculis.
1119 4203 1151 4259 et
1181 4193 1309 4260 auribus
1335 4193 1422 4258 audi·

202 4306 257 4363 ant
279 4309 311 4362 et
340 4297 431 4363 corde
459 4295 645 4382 intellegant
673 4302 705 4362 et
733 4304 958 4363 conuertantur
984 4305 1017 4361 et
1043 4302 1119 4361 sanc
1149 4296 1229 4362 illos.
1259 4293 1287 4332 ¹⁶
1315 4295 1423 4361 Uestri

202 4406 308 4465 autem
340 4400 424 4464 beati
457 4399 540 4465 oculi
572 4399 669 4485 quila]
705 4399 815 4465 uident
844 4405 877 4464 et
906 4421 998 4464 aures
1027 4421 1109 4485 quae
1142 4397 1272 4463 audient
1288 4397 1315 4436 ¹⁷
1331 4421 1422 4462 amen

201 4501 270 4567 dico
293 4501 389 4568 uobis.
415 4502 497 4587 quod
520 4501 612 4565 multi
635 4503 805 4588 prophetae
827 4511 859 4566 et
880 4501 958 4566 iusti
981 4503 1147 4588 cupierunt
1168 4501 1276 4566 uidere
1298 4523 1360 4586 qne
1378 4499 1423 4564 ui·

202 4603 291 4669 detis.
316 4611 348 4668 et
369 4626 431 4669 non
454 4605 604 4669 uiderunt
626 4609 658 4669 et
680 4603 787 4669 audire
810 4625 890 4688 quac
913 4602 1030 4668 auditis
1056 4613 1088 4668 et
1114 4627 1175 4668 uon
1195 4602 1371 4668 audierunt.
1397 4599 1424 4638 ¹⁸

201 4707 268 4772 Uos
291 4728 363 4791 ergo
384 4706 491 4772 audite
512 4705 690 4793 parabolam
713 4704 909 4770 seminantis.
924 4702 1064 4770 1⁹omnis
1090 4704 1144 4790 qui
1173 4704 1262 4770 audit
1292 4704 1422 4770 uerbum

1240 4806 1269 4859 l·
