3467 5192
257 255 298 318 92
682 253 718 319 (c.
739 253 781 320 19)
799 255 981 321 euangelium
1007 270 1064 308 sec.

342 423 456 488 LXII.
503 421 529 458 ¹¹
574 424 665 488 Haec
687 423 753 488 illis
775 423 978 490 audientibus
992 423 1132 489 adiciens
1146 422 1231 489 dixit
1244 421 1490 488 similitudinem

258 549 295 590 eo
318 528 402 612 quod
424 535 506 592 esset
527 549 624 612 prope
647 525 836 592 hierusalem
860 536 893 591 et
915 525 990 613 quia
1015 525 1236 592 existimarent
1269 524 1353 609 quod
1387 529 1488 590 confe-

257 627 331 692 stim
353 651 486 714 regnum
509 628 541 692 di
563 627 824 694 manifestaretur.
872 627 898 666 ¹²
942 627 1037 694 Dixit
1071 651 1146 712 ergo
1173 627 1301 712 quidam
1325 628 1418 693 home
1445 628 1494 692 di-

258 752 316 794 ues
337 729 482 811 habiitd)
495 729 528 794 in
541 729 701 814 regionem
714 730 920 816 longinquam
932 729 1075 816 accipere
1089 729 1149 796 sibi
1164 753 1296 814 regnum
1313 736 1346 794 et
1360 729 1489 794 reuerti.

261 830 286 869 ¹³
330 833 375 896 lat
396 831 524 898 uocauit
545 855 652 898 seruos
675 839 707 897 et
729 832 816 899 dedit
838 831 903 898 illis
925 833 1032 900 decem
1056 855 1153 897 mnas.
1200 833 1245 896 Et
1278 831 1323 897 ait
1356 831 1395 896 ad
1418 830 1493 897 illos

258 933 465 1019 negotiamini
488 935 561 999 dnm
586 933 682 1000 uenio
695 932 820 1002 1⁴ciues
842 947 948 1001 autem
972 935 1042 1000 eius
1063 935 1195 1000 oderant
1216 933 1308 998 illum
1337 938 1369 998 et
1398 933 1488 999 mise

257 1043 333 1101 runt
354 1036 544 1120 legationem
568 1045 638 1123 post
665 1037 756 1102 illum
787 1038 906 1106 diaetas
938 1038 1087 1103 nolumus
1118 1038 1201 1102 hunc
1235 1059 1366 1120 regnare
1395 1059 1494 1122 super

258 1160 323 1204 uos.
370 1137 397 1177 ¹⁶
439 1140 484 1204 Et
505 1137 624 1205 factum
648 1148 696 1204 est
718 1140 791 1204 dum
814 1140 932 1207 rediret
953 1141 1085 1226 adcepto
1108 1162 1205 1224 regno
1227 1147 1260 1204 et
1274 1139 1367 1204 iussit
1380 1138 1488 1204 uocari

258 1264 364 1305 seruos
388 1241 503 1325 quibus
526 1241 613 1307 dedit
633 1242 802 1328 pecuniam
825 1249 862 1308 ut
883 1242 979 1309 sciret
1005 1250 1159 1327 quantum
1190 1241 1323 1327 quisque
1351 1241 1493 1324 negotia·

257 1351 309 1408 tus
331 1351 422 1409 esset.
469 1341 496 1383 ¹⁶
538 1343 639 1409 Uenit
668 1352 742 1410 aute
774 1344 897 1432 primus
929 1344 1037 1410 dicens
1071 1345 1132 1410 dr're
1168 1341 1295 1428 [decem]
1331 1367 1404 1408 mna
1433 1349 1490 1409 tna

195 1517 196 1522 γ
258 1447 366 1512 decem
389 1469 479 1510 mnas
502 1445 685 1530 adquisiuit.
733 1447 758 1485 ¹⁷
802 1449 846 1513 Et
868 1446 913 1513 ait
934 1446 983 1513 illi
1005 1470 1086 1532 euge
1111 1470 1203 1512 serus
1234 1447 1315 1511 bone
1348 1445 1423 1529 quia
1455 1445 1488 1509 in

258 1548 381 1616 modico
403 1546 506 1614 fidelis
528 1547 618 1614 fuisti
641 1549 703 1614 eris
725 1556 915 1636 potestatem
939 1551 1057 1615 habens
1080 1572 1176 1634 snpra
1198 1548 1305 1614 decern
1334 1547 1487 1613 ciuitates.

259 1649 286 1688 ¹⁸
330 1651 374 1716 Et
396 1653 476 1716 alter
498 1650 588 1716 uenit
610 1650 718 1716 dicens
742 1652 873 1734 [decem]
896 1675 971 1717 mna
993 1659 1048 1716 tua
1070 1649 1147 1716 fecit
1175 1649 1316 1736 quinque
1350 1672 1447 1715 mnas.
1461 1647 1493 1686 ¹⁹

258 1761 290 1818 et
313 1753 361 1818 ait
384 1763 416 1820 et
437 1753 513 1819 hnic
536 1761 568 1818 et
590 1761 625 1818 tu
657 1762 724 1820 esto
757 1777 852 1840 supra
885 1754 1026 1839 quinque
1059 1753 1214 1819 ciuitates.
1263 1751 1290 1790 ²⁰
1334 1754 1378 1817 Et
1411 1753 1493 1817 alter

259 1855 348 1921 uenit
370 1857 477 1922 dicens
500 1879 571 1922 ecce
597 1857 730 1938 [decem]
757 1857 828 1922 dffle
851 1880 926 1921 mna
949 1863 1005 1921 tua
1027 1879 1122 1940 quam
1149 1855 1247 1920 habui
1273 1854 1427 1940 resposita
1455 1854 1491 1918 in

258 1958 385 2024 sudario
396 1957 421 1994 2¹
434 1957 508 2044 quia
530 1957 624 2023 timui
646 1965 679 2023 te
701 1958 777 2044 quia
797 1960 892 2024 homo
922 1966 1066 2024 austerus
1096 1981 1130 2023 es
1162 1957 1278 2023 tollens
1311 1958 1394 2043 quod
1426 1980 1491 2021 nou

257 2059 390 2146 posuisti
415 2069 447 2125 ct
468 2061 580 2126 meties
604 2061 687 2146 quod
709 2085 772 2126 non
795 2060 967 2127 seminasti.
1014 2059 1041 2097 ²²
1085 2061 1178 2127 'Punc
1204 2059 1281 2125 dicit
1310 2059 1341 2123 ei
1368 2059 1407 2123 de
1436 2081 1494 2124 ore

259 2171 314 2229 tuo
336 2170 368 2228 te
391 2161 496 2228 iudico
520 2186 576 2227 .ο.
600 2162 737 2229 infidelis
760 2187 851 2228 serus
873 2163 994 2229 sciebas
1017 2163 1101 2247 quod
1122 2164 1216 2228 bomo
1245 2168 1390 2227 austerus
1419 2184 1490 2226 sum

259 2265 336 2330 tollo
360 2265 442 2348 quod
466 2269 508 2328 nir
529 2264 622 2351 posui
645 2270 677 2331 et
698 2273 783 2332 meto
810 2266 894 2351 quod
927 2289 990 2331 non
1023 2263 1264 2330 seminaui²³et
1295 2286 1393 2350 qnare
1426 2287 1490 2328 uon

260 2366 374 2433 dedisti
394 2366 562 2453 pecuniam
584 2391 686 2433 meam
714 2368 753 2432 ad
787 2391 929 2433 mensam
959 2373 996 2434 ut
1027 2390 1085 2452 ego
1117 2366 1251 2432 ueniens
1281 2390 1352 2431 cum
1386 2365 1494 2430 usuris

259 2470 371 2555 utique
395 2470 568 2554 exegissem
592 2469 690 2534 illam.
737 2468 764 2507 ²⁴
806 2471 850 2535 lot
883 2470 1059 2536 astantibus
1092 2467 1175 2535 dixit
1206 2468 1329 2534 auferte
1361 2469 1400 2533 ab
1432 2465 1493 2533 illo

261 2571 389 2658 [decem]
414 2596 519 2636 mnam
543 2579 575 2639 et
597 2572 670 2637 date
691 2571 740 2636 illi
760 2571 815 2657 qui
837 2574 934 2638 babet
956 2572 1063 2637 decem
1088 2595 1186 2636 mnas.
1222 2568 1250 2609 ²⁶
1285 2571 1367 2636 Dico
1382 2576 1489 2635 autem

260 2675 350 2740 uobis
372 2673 447 2760 quia
470 2673 556 2738 omni
580 2674 710 2740 habenti
733 2674 859 2740 dabitur
881 2676 988 2756 hebd)
1012 2672 1241 2757 eoantemqui
1260 2674 1437 2738 nonhabet
1458 2680 1493 2737 et

259 2777 343 2862 quod
364 2777 460 2840 habet
487 2776 648 2842 auferetur
680 2776 737 2842 illi.
784 2775 811 2815 ²⁷
854 2777 1083 2844 Uerumtamen
1116 2777 1187 2841 dico
1220 2775 1310 2841 uobis
1344 2775 1494 2840 inimicos

260 2901 346 2944 meos
369 2879 439 2944 illos
462 2879 517 2964 qui
539 2879 710 2944 noluerunt
732 2904 782 2946 rue
804 2903 937 2964 regnare
959 2903 1054 2965 snper
1076 2902 1109 2944 se
1131 2879 1278 2944 adducite
1300 2879 1363 2942 huc
1390 2885 1422 2943 et
1444 2877 1490 2942 in-

259 2981 392 3048 terficite
415 2990 489 3046 ante
512 3005 571 3046 me.
618 2980 645 3019 ²⁸
687 2983 733 3047 Et
754 2982 803 3046 his
826 2981 919 3047 dictis
940 2982 1146 3068 praecedebat
1168 2981 1340 3046 ascendens
1362 2980 1395 3044 in
1421 2980 1490 3044 bie·

259 3085 426 3168 rosolymri.

345 3186 478 3252 LXIII.
524 3185 552 3224 ²⁹
595 3187 639 3252 Et
661 3187 778 3253 factum
802 3194 850 3251 est
873 3186 946 3251 dum
972 3186 1171 3272 appropiaset
1191 3186 1371 3271 bethphage
1394 3193 1426 3249 et
1439 3185 1493 3249 be·

260 3288 390 3354 thaniae
413 3289 453 3352 ad
485 3296 624 3354 montem
650 3289 705 3375 qui
734 3295 867 3354 uocatur
899 3288 1053 3354 oliuetum
1090 3287 1176 3353 misit
1208 3288 1286 3352 duos
1320 3285 1493 3374 discipulos

259 3389 489 3457 suos³⁰dicens
511 3391 556 3456 ite
578 3391 612 3456 in
635 3392 797 3458 castellum
820 3391 906 3477 quod
928 3398 1035 3456 contra
1059 3397 1107 3456 est
1133 3389 1167 3455 in
1199 3413 1261 3474 quo
1293 3383 1495 3455 introeuntes

259 3493 431 3559 inuenietis
464 3493 554 3578 pulh'l
588 3494 677 3559 asine
700 3493 873 3577 adligatum
896 3493 929 3557 in
953 3517 1015 3578 quo
1038 3516 1131 3559 nemo
1154 3491 1235 3558 sedit
1257 3492 1372 3557 soluite
1398 3491 1489 3556 illurn

260 3601 292 3661 et
314 3596 468 3661 adducite.
481 3593 552 3661 ³¹et
573 3597 599 3661 si
624 3595 694 3680 quis
716 3619 773 3660 uos
803 3595 1047 3681 interrogauerit
1074 3594 1180 3660 dicitis
1209 3595 1285 3679 quia
1318 3595 1387 3662 dms
1420 3617 1495 3679 ope·

260 3723 326 3764 ram
350 3699 418 3764 eius
441 3697 605 3765 desiderat.
653 3697 680 3736 ⁸²
724 3698 886 3764 Abierunt
908 3705 1013 3764 autem
1037 3697 1092 3782 qui
1116 3697 1203 3762 missi
1228 3704 1317 3762 erant
1344 3703 1377 3762 et
1403 3695 1493 3761 inue-

259 3806 376 3868 nerunt
398 3799 479 3865 sicut
502 3799 581 3866 dixit
613 3801 677 3867 illis
710 3800 762 3866 ihs
795 3802 920 3887 pullum
954 3807 1098 3867 stantem.
1146 3799 1173 3837 ³³
1217 3801 1261 3864 Et
1294 3799 1493 3864 soluentibus

259 3903 323 3968 illis
346 3903 495 3968 dixerunt
517 3901 573 3968 dr'ri
597 3902 665 3968 eius
687 3903 726 3968 ad
749 3903 820 3968 illos
842 3903 919 3989 quid
949 3902 1072 3968 soluitis.
1106 3902 1238 3988 pullum.
1284 3900 1312 3938 ³⁴
1357 3901 1410 3965 Ad
1441 3900 1489 3965 illi

260 4005 410 4071 dixerunt
431 4004 506 4091 quia
531 4005 601 4069 dms
635 4029 708 4070 eum
742 4028 837 4092 opera
868 4005 937 4071 eius
970 4004 1135 4071 desiderat.
1181 4002 1209 4043 ³⁵
1252 4004 1297 4069 Et
1330 4004 1495 4068 duxerunt

258 4107 349 4172 illum
374 4107 412 4171 ad
436 4107 502 4171 ihm
536 4114 568 4175 et
590 4106 788 4174 iactauerunt
809 4107 1000 4173 uestimenta
1022 4130 1080 4172 sua
1111 4129 1207 4192 super
1239 4105 1360 4192 pullum
1399 4105 1489 4190 inpo-

260 4219 391 4274 suerunt
414 4210 490 4274 ihm.
537 4207 564 4247 3⁶
607 4211 715 4275 Eunte
737 4219 843 4275 autem
866 4210 921 4274 illc
944 4209 1186 4275 substernebant
1214 4207 1406 4273 uestimenta
1432 4231 1493 4274 sua

259 4310 292 4375 in
316 4311 378 4377 uia.
425 4311 452 4350 ³⁷
495 4314 540 4378 Et
562 4336 633 4378 cum
656 4311 855 4398 adpropiaret
877 4311 941 4376 iam
964 4312 1002 4376 ad
1036 4311 1225 4376 descensum
1246 4309 1363 4375 montis
1379 4309 1492 4375 olineti

261 4422 412 4499 ceperunt
433 4439 542 4481 omnes
564 4416 676 4491 turbae
697 4415 872 4500 gaudentes
893 4414 1022 4478 laudare
1044 4413 1098 4477 dm
1120 4435 1198 4478 uoce
1220 4435 1334 4497 magna
1347 4410 1490 4477 ³8diccu-

260 4524 308 4582 tes
330 4517 514 4584 benedictus
536 4517 592 4603 qui
617 4517 705 4584 uenit
726 4517 759 4581 in
793 4515 921 4581 nomine
954 4515 1019 4580 dmi
1053 4514 1238 4580 benedictus
1271 4539 1327 4579 rex
1360 4537 1423 4600 pax
1456 4513 1491 4578 in

260 4620 347 4683 caelo
370 4627 403 4684 et
424 4619 554 4704 gloriam
579 4619 612 4684 in
636 4620 778 4685 excelsis.
825 4617 852 4656 ³⁹
896 4619 940 4683 Et
962 4618 1090 4704 quidam
1114 4619 1329 4703 phariseorum
1344 4617 1494 4682 deturba
