3467 5192
288 237 331 300 56
718 235 753 301 (c.
774 237 819 302 18)
838 237 1019 302 euangelium
1037 253 1094 290 sec.

198 488 199 491 Ἴ
288 405 471 490 ligauerunt
483 429 555 472 eum
568 405 595 444 33
605 412 638 471 et
660 407 860 472 adduxerunt
883 431 955 472 eum
978 408 1017 472 ad
1039 430 1154 472 annam
1174 405 1325 492 primum.
1349 404 1518 472 eratenim

288 530 376 574 socer
398 509 529 594 caiphae
551 508 606 594 qui
629 516 696 574 erat
717 509 861 594 pontifex
873 509 949 574 anni
961 508 1057 574 illius.
1071 507 1098 546 ¹4
1109 518 1176 574 erat
1197 514 1302 574 autern
1320 507 1447 594 caiphas
1462 508 1519 594 qui

289 609 456 676 consilium
479 610 566 676 dedit
589 610 710 676 iudaeis
733 611 809 696 quia
831 611 961 697 expedit
983 635 1083 677 unum
1105 611 1265 676 hominem
1289 610 1369 676 mori
1390 634 1447 697 pro
1462 633 1517 696 po·

287 713 371 800 pulo.
417 710 445 749 ¹⁵
489 712 712 798 Sequebantur
733 721 840 778 autem
863 714 929 778 ihm
952 713 1055 779 simon
1076 719 1185 799 petrus
1211 718 1244 778 et
1274 713 1355 778 alius
1383 711 1517 799 discipu·

288 816 350 881 lus.
374 813 547 902 discipulus
570 822 674 880 autem
699 815 753 879 ille
783 823 877 880 notus
907 824 975 880 erat
1006 815 1147 902 pontifici
1179 822 1211 879 et
1236 814 1339 881 simul
1372 813 1518 880 introiuit

289 941 360 983 oum
382 917 440 982 ihu
463 916 496 981 in
519 918 634 982 atrium
658 916 824 1005 pontificis.
839 917 985 1004 ¹⁶pet1us
1007 939 1083 983 uero
1105 918 1208 982 stabat
1229 916 1306 982 foris
1324 918 1364 981 ad
1378 918 1514 982 ianuam.

290 1018 405 1084 Exiuit
427 1043 500 1104 ergo
523 1020 697 1106 discipulus
720 1021 773 1086 ille
796 1021 876 1084 alius
907 1020 962 1104 qui
993 1026 1061 1085 erat
1093 1025 1186 1085 notus
1208 1019 1349 1106 pontifici
1371 1027 1404 1084 et
1436 1019 1519 1085 dixit

291 1122 437 1189 ostiariae
460 1127 492 1188 et
513 1122 691 1188 introduxit
712 1134 846 1208 petrum.
861 1122 888 1161 33
900 1122 977 1188 dicit
999 1147 1072 1208 ergo
1087 1123 1143 1187 illa
1158 1122 1272 1188 ancilla
1287 1121 1414 1187 ostiaria
1428 1130 1520 1208 petro

290 1223 447 1308 numquid
469 1238 502 1290 et
523 1231 559 1290 tu
581 1249 622 1289 ex
644 1224 808 1312 discipulis
831 1247 865 1291 es
887 1225 1024 1290 hominis
1046 1224 1151 1290 huius.
1175 1232 1207 1290 et
1230 1224 1274 1290 ait
1296 1248 1449 1289 nonsum.
1491 1223 1523 1262 ¹³

291 1326 425 1392 Stabant
447 1327 532 1392 serui
556 1333 587 1393 et
609 1326 746 1392 ministri
770 1328 809 1392 ad
833 1329 981 1393 carbones
1004 1327 1079 1412 quia
1107 1327 1207 1412 frigus
1234 1333 1301 1392 erat
1333 1325 1374 1412 [et
1407 1327 1518 1392 calefa-

290 1430 415 1496 ciebant
437 1435 482 1509 se]
506 1436 574 1495 erat
595 1438 699 1495 autem
724 1437 756 1494 et
778 1437 886 1516 petrus
908 1436 995 1494 stans
1017 1437 1049 1495 et
1071 1429 1257 1496 calefaciens
1278 1453 1322 1495 se.
1337 1427 1364 1466 33
1374 1429 1519 1515 pontifex

290 1555 364 1618 ergo
386 1534 598 1618 interrogabat
618 1533 686 1596 ihm
709 1533 748 1596 de
771 1531 933 1618 discipulis
961 1532 1029 1597 eius
1059 1540 1091 1597 et
1124 1534 1163 1598 de
1194 1531 1336 1598 doctrina
1366 1531 1443 1597 eius.
1489 1529 1523 1568 33

290 1635 468 1721 Respondit
490 1635 518 1698 ei
541 1634 591 1699 ihs
614 1658 672 1719 ego
695 1636 799 1720 palam
822 1635 946 1699 locutus
968 1658 1038 1700 sum
1063 1636 1180 1700 mundo
1202 1657 1260 1719 ego
1281 1657 1406 1719 semper
1425 1634 1518 1700 docui

290 1738 323 1802 in
346 1761 503 1823 synagoga
528 1746 559 1802 et
581 1737 615 1802 iu
637 1738 755 1824 templo
778 1761 840 1823 quo
863 1761 973 1803 omues
994 1737 1101 1803 iudaei
1123 1737 1319 1803 conueniunt
1346 1744 1378 1802 et
1406 1736 1442 1801 in
1470 1759 1517 1801 oc-

291 1840 375 1905 culto
396 1841 519 1905 locutus
542 1864 613 1904 sum
642 1840 733 1905 nihil.
748 1839 774 1877 33
787 1839 864 1924 quid
893 1865 944 1905 me
977 1841 1152 1924 interrogas
1185 1840 1344 1924 interroga
1376 1862 1428 1904 eos
1462 1838 1518 1924 qui

290 1942 459 2008 audierunt
481 1942 557 2027 quid
578 1944 702 2008 locutus
725 1965 794 2008 sum
818 1943 895 2028 ipsis
919 1966 991 2008 ecce
1013 1942 1046 2007 hi
1069 1943 1173 2009 sciunt
1196 1966 1277 2027 quae
1299 1941 1434 2007 dixerim
1449 1964 1521 2025 ego..

291 2044 317 2082 33
360 2045 452 2110 Haec
474 2051 581 2110 autem
604 2069 675 2110 cum
698 2044 829 2110 dixisset
852 2067 934 2110 unus
957 2045 1084 2110 adstans
1107 2069 1147 2110 ex
1169 2043 1323 2110 ministris
1346 2044 1433 2110 dedit
1454 2045 1518 2130 pal·

289 2171 374 2212 mam
397 2147 448 2212 ihs
471 2147 586 2212 dicens.
611 2147 656 2212 sic
678 2147 841 2234 respondis
863 2147 1000 2234 principi
1019 2148 1225 2214 sacerdotum.
1270 2145 1297 2184 33
1341 2146 1519 2233 Respondit

290 2250 321 2315 ei
343 2250 404 2314 ihs.
429 2249 456 2315 si
479 2250 561 2314 male
583 2250 707 2316 locutus
730 2273 800 2316 sum
823 2249 1039 2315 testimonium
1062 2249 1192 2336 perhibe
1214 2250 1254 2314 de
1275 2249 1396 2329 malosi
1411 2256 1517 2314 autem

289 2355 368 2419 bene
391 2353 467 2438 quid
490 2376 541 2416 me
564 2353 657 2418 cedis.
704 2351 731 2388 ²4
774 2352 864 2418 Misit
887 2375 960 2436 ergo
983 2376 1057 2417 eum
1079 2375 1178 2417 annas
1209 2351 1352 2418 uinctum
1386 2352 1426 2416 ad
1460 2350 1521 2416 eai-

289 2456 384 2542 pham
408 2454 599 2541 pontificem.
645 2454 672 2494 33
714 2457 794 2520 Erat
816 2464 922 2519 autem
945 2454 1046 2520 simon
1068 2460 1176 2540 petrus
1199 2462 1285 2519 stans
1315 2462 1346 2520 et
1374 2453 1517 2520 calefaci-

289 2581 346 2622 ens
368 2581 410 2622 se.
435 2557 585 2622 dixerunt
608 2580 683 2641 ergo
706 2557 736 2622 ei
759 2557 914 2640 numquid
937 2563 970 2622 et
991 2563 1027 2622 tu
1050 2581 1090 2620 ex
1112 2555 1276 2642 discipulis
1298 2553 1366 2621 eius
1382 2566 1439 2621 est.
1462 2581 1516 2622 ne·

288 2659 378 2746 gauit
399 2659 453 2725 ille
476 2667 508 2724 et
530 2659 612 2725 dixit
634 2682 696 2724 non
721 2682 800 2724 sum.
847 2658 875 2698 33
918 2659 1008 2724 Dicit
1030 2660 1060 2724 ei
1089 2683 1171 2723 unus
1199 2683 1238 2724 ex
1267 2659 1367 2724 seruis
1395 2659 1524 2744 pontifi·

290 2763 334 2829 cis
357 2768 507 2847 cognatus
531 2760 598 2828 eius
628 2761 717 2828 cuius
744 2761 879 2831 abscidit
910 2770 1018 2848 petrus
1051 2759 1224 2826 auriculam
1258 2784 1363 2826 nonne
1396 2783 1454 2844 ego
1486 2765 1524 2826 te·

289 2863 356 2929 uidi
380 2863 413 2928 in
435 2865 525 2929 horto
548 2888 619 2930 cum
642 2864 705 2929 illo.
751 2863 779 2902 33
822 2866 944 2930 Iterum
968 2887 1041 2949 ergo
1063 2871 1171 2950 petrus
1193 2864 1323 2948 negauit
1351 2869 1384 2927 et
1410 2862 1516 2929 statim

288 2968 390 3051 gallus
412 2967 561 3032 cantauit.
608 2964 635 3003 33
679 2968 854 3033 Adducunt
877 2990 949 3052 ergo
973 2967 1039 3030 ihm
1062 2967 1102 3031 ad
1125 2966 1269 3052 caipham
1287 2966 1320 3030 in
1335 2966 1518 3052 praetorium

290 3075 357 3134 erat
379 3081 453 3134 aule
476 3093 569 3134 mane
592 3077 624 3134 et
645 3069 707 3156 ipsi
729 3093 790 3134 non
814 3069 1004 3134 introierunt
1033 3069 1067 3133 in
1096 3068 1245 3156 praetorid
1276 3092 1315 3133 ne
1344 3069 1523 3154 pollueren-

289 3179 341 3236 tur·
361 3172 418 3236 sed
442 3181 477 3236 ut
499 3172 749 3257 manducare(n)t
771 3173 896 3258 pascha.
943 3170 971 3208 33
1015 3171 1129 3236 Exiuit
1151 3194 1224 3256 ergo
1252 3171 1291 3236 ad
1320 3193 1374 3235 eos
1402 3169 1545 3262 pilatus

289 3274 373 3339 foras
388 3280 421 3338 et
439 3273 507 3338 dixi
529 3285 594 3358 qua
616 3276 850 3341 adcusatiouem
872 3273 1003 3339 adfertis
1026 3274 1177 3340 aduersus
1199 3275 1330 3338 homine
1353 3273 1446 3338 hunc.
1491 3271 1525 3309 33

289 3376 535 3461 Responderunt
550 3383 583 3442 et
598 3377 747 3443 dixerunt
763 3377 801 3442 ei.
821 3377 848 3442 si
864 3400 927 3441 non
944 3383 1026 3441 esset
1040 3377 1093 3442 hic
1106 3375 1289 3441 malefactor
1304 3399 1367 3440 non
1382 3375 1442 3440 tibi
1456 3381 1518 3440 tra·

290 3478 478 3544 didissemus
501 3504 581 3545 eum.
628 3478 654 3516 33
698 3479 794 3544 Dixit
817 3502 891 3564 ergo
919 3479 964 3544 eis
991 3477 1118 3564 pilatus.
1146 3477 1280 3564 accipite
1309 3501 1381 3543 eum
1405 3488 1438 3544 et
1470 3501 1517 3544 se·

290 3582 427 3647 cundum
450 3582 552 3666 legem
575 3589 712 3647 uestram
739 3581 877 3646 iudicate
899 3581 1000 3646 illum.
1053 3580 1215 3646 Dixerunt
1243 3603 1317 3665 ergo
1344 3580 1374 3646 ei
1402 3580 1522 3646 iudaei.

290 3684 381 3748 nobis
401 3707 464 3747 uon
487 3683 562 3750 lieet
584 3708 774 3770 quemquam
791 3684 943 3750 occidere.
957 3680 985 3720 33
996 3689 1033 3748 ut
1046 3707 1149 3749 sermo
1164 3683 1222 3748 ihu
1238 3682 1409 3769 impleatur
1424 3707 1521 3768 quem

290 3785 373 3850 dixit
403 3785 581 3871 significans
608 3811 670 3872 qua
704 3802 804 3852 morte
838 3795 920 3851 esset
953 3787 1133 3852 moriturus.
1186 3783 1214 3822 33
1258 3785 1409 3850 Introiuit
1446 3809 1524 3872 ergo

289 3889 403 3953 iterum
427 3889 461 3953 iu
483 3889 654 3974 pretorium
677 3890 795 3975 pilatus
819 3897 850 3953 et
873 3887 1001 3954 uocauit
1022 3888 1089 3953 ihm
1112 3896 1144 3953 et
1166 3887 1249 3952 dixit
1270 3887 1328 3952 illi.
1351 3896 1387 3953 tu
1407 3911 1441 3954 es
1462 3911 1519 3953 rex

290 3989 482 4055 iudaeorum.
530 3989 558 4028 33
600 3992 644 4057 Et
666 3990 828 4077 respondit
850 3991 903 4054 ihs
933 4015 952 4055 a
984 3991 1152 4076 temetipso
1185 3991 1245 4055 hoc
1277 3989 1355 4054 dicis
1388 4013 1428 4053 an
1463 3989 1521 4054 alii

289 4093 349 4158 tibi
373 4093 522 4158 dixerunt
545 4093 582 4157 de
605 4117 665 4158 me.
711 4092 738 4131 33
782 4093 962 4179 Respondit
983 4093 1108 4178 pilatus.
1132 4092 1289 4176 numquid
1310 4115 1368 4176 ego
1387 4090 1519 4156 iudaeus

289 4219 358 4260 sum
381 4218 459 4280 gens
481 4202 537 4260 tua
559 4201 591 4260 et
612 4195 760 4281 princeps
783 4196 979 4262 sacerdotum
1003 4194 1201 4260 tradiderunt
1223 4201 1255 4258 te
1278 4193 1358 4258 mihi
1379 4193 1457 4278 quid
1475 4193 1521 4258 f·

290 4297 368 4363 cisti.
415 4297 442 4335 33
486 4299 665 4383 Respondit
686 4297 746 4362 ihs.
770 4299 870 4384 regnu
893 4321 1000 4362 meum
1022 4319 1086 4361 non
1117 4303 1165 4362 est
1193 4297 1232 4362 de
1261 4298 1320 4361 hoc
1353 4297 1470 4360 mundo
1492 4295 1524 4360 siv

289 4399 328 4464 de
351 4401 411 4464 hoc
433 4400 550 4464 mundo
574 4408 657 4466 esset
678 4425 808 4483 regnum
833 4423 939 4464 meum
971 4398 1108 4465 ministri
1137 4399 1202 4464 mei
1234 4399 1346 4484 utique
1379 4399 1518 4464 decerta·

288 4505 386 4582 re(n)t
408 4513 441 4566 et
461 4524 524 4566 non
548 4503 712 4583 tradere(r)
736 4502 857 4567 iudaeis
879 4525 965 4566 nunc
986 4507 1093 4566 autem
1109 4525 1240 4586 regnum
1261 4525 1367 4566 meum
1386 4524 1450 4565 non
1472 4507 1527 4566 est,

287 4603 371 4668 hino.
417 4603 444 4642 33
487 4604 582 4669 Dixit
604 4605 712 4689 itaque
735 4603 764 4669 ei
786 4604 914 4690 pilatus.
938 4626 1012 4688 ergo
1034 4627 1091 4668 rex
1113 4610 1206 4669 estu.
1248 4602 1425 4689 Respondit
1455 4601 1521 4667 ihs.
