3467 5192
286 231 328 294 24
705 226 742 291 (1.
762 225 808 290 26)
827 225 1008 290 euangelium
1029 241 1087 278 sec.

285 423 349 465 non
371 405 403 465 te
425 400 555 483 negabo.
600 365 757 464 Similiter
779 402 812 464 et
833 420 942 463 omnes
968 395 1117 483 discipuli
1144 396 1303 462 dixerunt.
1348 394 1376 435 55
1420 397 1512 463 Τ111

285 501 448 578 11111111
471 526 542 567 cum
566 500 685 566 1111111
712 499 867 586 praedium
896 500 978 585 quod
1011 498 1127 564 dicitur
1157 499 1338 584 gedsamani
1371 505 1403 565 11
1436 499 1513 566 dicit

170 629 174 638 ’
285 604 448 692 discipulis
460 603 534 681 suis.
558 604 664 669 sedete
677 603 728 668 bio
738 604 837 668 donec
846 625 903 687 ego
916 603 1030 668 uadam
1040 602 1115 667 illuc
1127 624 1224 667 orare.
1238 601 1266 640 ³⁷
1287 603 1332 668 Et
1347 603 1512 689 adsumpto

283 712 372 794 petro
395 715 427 772 et
449 708 569 771 duobus
590 704 663 770 filiis
685 705 834 771 zebedaei
867 705 971 791 coepit
1008 704 1185 770 contristari
1216 710 1249 769 et
1281 709 1400 769 mestus
1434 728 1511 771 esse.

284 808 311 847 55
355 811 447 874 Tunc
469 808 513 873 ait
535 807 599 873 illis
621 807 720 873 tristis
743 814 791 873 est
813 807 920 872 anima
943 830 1012 872 mea
1035 829 1136 891 usque
1154 806 1193 870 ad
1210 812 1342 871 mortem
1358 807 1513 873 sustinete

287 911 362 994 [hic]
388 918 419 978 et
441 911 571 996 uigilata
594 933 752 976 mecum:
772 907 800 946 ³⁹
844 911 884 974 111
905 931 1087 996 progressus
1109 906 1260 994 pusillum
1291 908 1456 995 procidens
1478 909 1510 974 in

284 1013 398 1081 faciem
422 1037 510 1080 suam
533 1037 625 1079 orans
648 1019 680 1078 et
705 1013 820 1079 dicens.
875 1015 974 1078 Pater
1005 1034 1095 1076 meus
1122 1011 1148 1077 si
1178 1011 1327 1096 possibile
1357 1019 1404 1077 est
1430 1018 1512 1077 tran-

285 1123 353 1184 seat
375 1141 393 1182 a
416 1139 466 1182 me
489 1118 572 1181 calix
595 1115 663 1180 iste.
688 1116 742 1181 sed
765 1123 872 1182 tamen
899 1138 962 1179 non
985 1114 1069 1180 sicut
1097 1137 1155 1198 ego
1182 1115 1255 1179 uolo
1284 1115 1339 1179 sed
1365 1114 1447 1179 sicut
1476 1123 1512 1181 tn

283 1217 312 1258 ⁴⁰
323 1233 355 1286 11
377 1219 467 1284 uenit
489 1220 527 1283 ad
550 1217 720 1304 discipulos
742 1241 815 1284 suos
838 1227 871 1282 et
893 1217 1019 1282 inuenit
1042 1240 1096 1282 eos
1118 1217 1309 1281 dormientes
1337 1225 1369 1283 et
1391 1218 1436 1282 ait
1458 1242 1510 1303 pe·

283 1329 332 1388 tro
354 1322 399 1386 sic
422 1346 485 1387 non
506 1320 653 1408 potuistis
677 1344 739 1385 una
761 1327 836 1384 hora
859 1319 993 1404 uigilare
1016 1343 1148 1384 mecum.
1162 1317 1344 1403 41Uigilate
1364 1326 1395 1385 et
1425 1329 1512 1385 orate

284 1430 320 1490 ut
342 1447 405 1489 non
428 1422 564 1489 ueniatis
586 1423 621 1488 11
642 1423 892 1510 temptationem.
916 1427 971 1509 sps
994 1421 1121 1507 quidem
1133 1425 1242 1508 protus
1257 1428 1305 1486 est
1320 1445 1390 1488 caro
1405 1430 1511 1488 autem

283 1527 417 1592 infirma.
462 1524 489 1563 ⁴²
532 1527 653 1591 Iterum
678 1526 814 1591 seeundo
837 1526 916 1590 abiit
938 1532 970 1591 et
992 1523 1094 1591 orauit
1123 1524 1230 1589 dicens
1256 1531 1346 1610 pater
1373 1547 1463 1589 meus
1484 1524 1512 1590 si

283 1653 346 1694 non
369 1635 472 1714 potest
493 1629 554 1693 hoc
576 1629 709 1694 transire
732 1652 750 1693 a
773 1652 823 1692 me
857 1626 920 1692 nisi
950 1627 1027 1691 illud
1053 1626 1159 1692 bibam
1186 1629 1241 1691 fiat
1269 1627 1416 1692 uoluntas
1446 1636 1510 1693 tua.

283 1730 311 1769 4³
354 1731 399 1796 Et
420 1730 511 1796 uenit
532 1729 647 1796 iterum
676 1739 708 1796 et
733 1729 861 1796 inuenit
886 1753 939 1795 eos
970 1729 1159 1796 dormientes
1187 1735 1277 1794 erant
1311 1729 1394 1794 enim
1428 1730 1511 1795 oculi

284 1857 390 1900 eorum
414 1833 545 1918 grauati.
591 1831 621 1870 ⁴⁴
662 1833 708 1899 Et
730 1831 848 1898 relictis
869 1832 934 1898 illis
956 1833 1071 1898 iterum
1098 1831 1176 1898 abiit
1209 1843 1241 1897 et
1271 1831 1375 1898 orauit
1406 1834 1511 1897 eunde

284 1959 459 2001 sermonem
484 1935 599 2000 dicens.
644 1934 672 1974 4⁶
715 1936 808 2001 Tunc
830 1934 920 2001 uenit
941 1935 981 1999 ad
1003 1935 1174 2020 discipulos
1196 1957 1268 2001 suos
1291 1941 1323 2000 et
1344 1934 1423 2001 dicit
1448 1935 1511 2000 illis

284 2037 417 2104 dormite
439 2037 502 2102 iam
525 2044 558 2103 et
579 2038 773 2123 requiescete
796 2061 869 2104 ecce
892 2037 1158 2123 appropinquanit
1180 2037 1257 2101 hora
1286 2044 1319 2103 et
1347 2037 1431 2102 filius
1459 2038 1511 2102 ho·

284 2140 380 2206 minis
402 2140 544 2206 tradetur
566 2139 599 2204 in
622 2140 766 2206 manibus
789 2137 1037 2227 peccatorum*⁶
1048 2139 1167 2224 surgite
1189 2163 1297 2205 eamus
1320 2163 1392 2206 ecce
1404 2140 1511 2226 adpro

284 2243 386 2329 piauit
408 2242 463 2328 qui
484 2267 535 2308 me
558 2245 669 2308 tradet.
714 2242 742 2282 4⁷
786 2244 905 2309 Adhuc
926 2242 993 2329 ipso
1022 2248 1171 2328 loquente
1200 2266 1273 2308 ecce
1304 2242 1395 2307 iudas
1427 2266 1510 2307 unus

283 2346 322 2411 de
345 2345 510 2411 duodecim
533 2345 625 2411 uenit
647 2354 678 2411 et
701 2370 771 2411 cum
796 2370 832 2411 eo
855 2347 948 2411 turba
975 2346 1075 2410 multa
1105 2369 1175 2410 eum
1209 2345 1324 2430 gladiis
1356 2351 1388 2410 et
1419 2343 1509 2410 tinsti-

282 2450 341 2514 bus
364 2447 451 2514 missi
475 2473 493 2513 1
514 2448 710 2535 principibus
731 2449 927 2514 sacerdotum
954 2455 987 2514 et
1015 2447 1191 2514 senioribus
1218 2447 1326 2534 plebis
1373 2446 1401 2484 ⁴⁸
1445 2448 1510 2532 Qui

283 2556 390 2617 autem
412 2550 543 2617 tradidit
566 2575 637 2616 eum
661 2551 748 2617 dedit
770 2551 832 2616 illis
855 2551 981 2636 signum
1004 2551 1112 2616 dicens
1138 2573 1369 2637 quemcumque
1393 2550 1509 2615 oscula-

287 2659 338 2724 tus
361 2653 459 2719 luero.
482 2652 550 2739 ipse
572 2661 620 2720 111
641 2660 746 2719 111111
759 2677 841 2718 eum.
853 2652 882 2690 ⁴⁹
894 2660 926 2718 et
946 2653 1113 2719 confestim
1124 2654 1277 2718 adcedens
1292 2653 1331 2717 ad
1345 2653 1412 2717 ihm
1429 2651 1511 2718 dixit

280 2756 362 2820 haue
385 2755 473 2821 rabbi
496 2761 528 2821 et
550 2757 709 2822 osculatus
732 2761 780 2822 est
802 2779 885 2822 eum.
931 2755 959 2794 ⁵⁰
1002 2756 1063 2822 Oui
1096 2755 1178 2821 dixit
1200 2755 1252 2820 ihs
1274 2756 1314 2820 ad
1349 2757 1432 2840 quod
1454 2779 1508 2821 ue·

279 2857 357 2923 nisti
379 2858 487 2924 amice.
512 2866 588 2924 tunc
611 2859 814 2924 adcesserunt
837 2864 868 2924 et
891 2882 1003 2924 manus
1021 2858 1201 2925 iniecerunt
1216 2859 1250 2923 in
1274 2858 1510 2924 1111111111-

280 2968 354 3025 runt
377 2984 460 3025 eum.
505 2960 531 3000 55
575 2963 619 3027 Et
643 2985 714 3026 ecce
737 2985 819 3026 unus
842 2985 882 3025 ex
904 2961 954 3026 his
976 2961 1032 3048 qui
1054 2969 1145 3025 erant
1167 2985 1238 3027 cum
1260 2961 1318 3025 ihl'l
1334 2961 1508 3026 extendens

282 3063 378 3127 111111
401 3063 520 3130 exemit
541 3064 682 3148 gladium
706 3063 766 3130 11111
789 3068 821 3128 11
843 3063 1024 3150 percutiens
1047 3087 1173 3129 seruum
1197 3062 1349 3150 principis
1370 3064 1510 3129 sacerdo-

281 3172 349 3231 tum
374 3167 552 3252 amputauit
585 3166 760 3232 auriculam
793 3166 872 3232 eius.
918 3165 945 3205 55
989 3166 1082 3232 Τ111
1114 3167 1160 3232 111
1194 3166 1243 3230 illi
1275 3165 1327 3230 ihs
1360 3173 1509 3232 conuerte

280 3267 420 3353 gladium
443 3277 534 3333 tuum
557 3269 589 3332 in
612 3269 681 3334 loco
703 3292 768 3334 suo.
804 3267 923 3334 Omnes
945 3266 1031 3332 enim
1054 3268 1110 3353 qui
1129 3267 1293 3355 adcipiunt
1315 3269 1455 3354 gladium
1478 3276 1510 3334 et

280 3369 384 3454 gladio
396 3376 531 3436 utuntur
541 3371 645 3456 gladio
656 3372 814 3456 peribunt.
828 3369 855 3410 55
867 3375 998 3436 autnon
1010 3379 1103 3457 putas
1115 3395 1166 3436 me
1177 3393 1268 3457 posse
1287 3372 1378 3437 modo
1399 3395 1508 3456 rogare

280 3480 401 3557 patrem
424 3497 530 3539 meum
554 3478 585 3538 et
608 3473 769 3539 exhibebit
793 3473 873 3538 mihi
895 3473 1061 3559 plusquam
1085 3473 1250 3539 duodecim
1273 3473 1361 3538 milia
1386 3475 1508 3558 angelo·

281 3598 360 3639 rum.
407 3573 435 3614 ⁶⁴
479 3575 645 3661 Quomodo
668 3599 742 3660 ergo
764 3575 982 3662 implebuntur
1004 3576 1178 3662 scripturae
1206 3577 1282 3660 quia
1310 3575 1355 3642 sic
1387 3581 1510 3662 oportet

280 3678 357 3742 fieri.
404 3677 431 3716 55
474 3678 514 3742 In
537 3677 591 3742 illa
612 3679 690 3743 hora
712 3678 793 3744 dixit
814 3678 866 3743 ihs
898 3679 1008 3745 turbis.
1045 3678 1136 3764 quasi
1162 3679 1202 3743 ad
1230 3680 1384 3744 latronem
1406 3678 1509 3744 uenis·

280 3779 321 3845 tis
344 3803 416 3845 cum
438 3779 550 3864 gladiis
573 3787 605 3846 et
616 3779 752 3847 fustibus
764 3783 1030 3867 comprehendere
1053 3805 1113 3846 me.
1137 3780 1263 3847 Cotidie
1286 3786 1362 3867 aput
1383 3805 1440 3847 uos
1460 3805 1507 3846 se·

280 3882 390 3947 debam
413 3881 447 3946 in
469 3883 587 3968 templo
609 3883 723 3950 docens
746 3889 778 3948 et
800 3907 864 3948 non
886 3908 938 3948 me
960 3883 1117 3949 tenuistis.
1164 3883 1191 3922 ⁶⁶
1234 3884 1306 3948 Hoc
1332 3892 1437 3950 autem
1460 3892 1506 3949 to·

279 3991 347 4049 tum
370 3983 489 4050 factum
512 3992 560 4049 est
582 3991 618 4051 ut
640 3983 831 4072 impleantur
854 3985 1027 4072 scripturae
1050 3985 1253 4072 profetarum.
1299 3986 1390 4051 Tunc
1420 3985 1508 4051 disci-

279 4085 347 4173 puli
370 4109 479 4151 omnes
501 4086 611 4152 relicto
635 4111 671 4153 1ο
694 4088 852 4175 fugerunt.
899 4087 926 4127 ⁵⁷
969 4089 1026 4153 Illi
1047 4096 1155 4154 autem
1177 4094 1322 4155 tenentes
1347 4087 1414 4153 ihm
1437 4112 1506 4175 per·

279 4189 438 4254 duxerunt
460 4189 499 4254 ad
520 4189 664 4276 caipham
688 4191 864 4278 principem
887 4190 1084 4257 sacerdotum
1107 4191 1163 4257 ubi
1186 4191 1305 4257 scribae
1321 4200 1354 4256 et
1368 4191 1506 4258 seniores

280 4300 501 4356 conuenerant.
548 4291 575 4329 55
617 4295 733 4359 Ρ11111
756 4304 862 4360 autem
886 4295 1076 4380 sequebatur
1098 4318 1172 4359 eum
1194 4318 1213 4359 1
1235 4297 1327 4380 longe
1349 4318 1449 4380 usque
1472 4295 1506 4360 in

279 4391 395 4457 atrium
418 4393 572 4481 principis
595 4397 800 4462 sacerdotum.
825 4402 857 4462 et
879 4396 1040 4482 ingressus
1061 4397 1145 4463 intro
1171 4398 1300 4464 sedebat
1327 4420 1398 4462 oum
1417 4397 1507 4463 mini-

278 4495 351 4561 stris
374 4503 410 4562 ut
431 4496 555 4562 uideret
577 4497 699 4564 exitum
725 4499 780 4562 rei.
827 4497 854 4538 ⁵⁹
904 4498 1070 4586 Principes
1106 4507 1212 4567 autem
1244 4500 1442 4566 sacerdotum
1475 4508 1508 4567 et

277 4598 462 4665 uniuersum
488 4599 655 4666 consilium
678 4601 852 4687 querebant
873 4601 989 4668 falsum
1012 4602 1229 4669 testimonium
1252 4610 1361 4669 contra
1382 4604 1448 4668 ihm
1472 4610 1508 4670 ut
