3467 5192
681 276 836 330 iohannem
853 275 890 343 (c.
909 276 945 344 9).
1381 277 1424 341 45

195 446 329 532 quidet
351 469 408 511 nos
430 445 505 512 caci
528 468 645 511 sumus.
690 444 717 482 ⁴¹
763 445 858 512 Dixit
879 446 927 511 eis
955 446 1006 511 ihs
1038 446 1067 512 si
1098 446 1183 512 caeci
1217 445 1327 512 essetis
1360 470 1424 511 non

196 547 354 613 haberetis
376 556 540 634 peccatum
569 549 625 614 sed
658 547 764 614 dicitis
798 548 873 634 quia
905 549 1053 614 uidimus.
1087 555 1251 635 peccatum
1282 554 1425 614 uestrum

198 657 313 714 manet.
338 653 376 729 (c.
407 653 458 730 10)
504 649 515 686 ¹
559 651 668 715 Amen
697 675 789 716 amen
818 651 888 717 dico
921 652 1011 716 nobis
1043 651 1100 738 qui
1131 674 1195 716 non
1227 651 1338 716 introit
1369 674 1426 736 per

196 751 327 817 ianuam
350 751 382 816 in
407 754 566 818 cohortem
587 753 693 836 [nuile]
713 755 821 818 ouium
832 754 889 819 sed
905 754 1048 819 ascendit
1065 753 1193 818 aliunde
1206 754 1261 819 ille
1272 753 1324 818 fur
1336 759 1383 819 est
1394 759 1427 818 et

197 856 287 919 latro.
301 852 380 940 “qui
403 865 509 920 autem
533 854 645 921 introit
667 878 724 940 per
746 856 874 921 ianuam
898 856 950 920 hic
979 863 1085 942 pastor
1114 863 1162 921 est
1193 853 1426 921 cuium.⁸huic

196 955 344 1022 ostiarius
367 957 469 1043 aperit
491 966 523 1023 et
545 979 623 1023 oues
650 981 761 1023 uocem
790 958 859 1024 eius
893 958 1027 1024 audiunt
1060 968 1092 1024 et
1123 981 1196 1023 snas
1229 981 1305 1023 oues
1334 964 1427 1022 uocat

197 1059 385 1124 nominatim
409 1070 442 1125 et
470 1060 617 1146 producit
645 1061 723 1125 illas.
742 1060 839 1125 ‘cum
869 1067 976 1126 autem
1010 1085 1086 1126 oues
1119 1083 1191 1125 suas
1220 1083 1330 1126 omnes
1359 1081 1427 1145 pro·

196 1161 326 1226 duxerit
348 1169 421 1227 ante
444 1162 528 1248 ipsas
551 1161 639 1231 uadit
661 1172 694 1229 et
715 1163 857 1229 cuiculae
880 1187 953 1228 eum
975 1169 1127 1228 secuntur
1149 1163 1224 1247 quia
1245 1161 1350 1227 sciunt
1371 1183 1426 1224 uo·

193 1287 267 1340 cem
290 1263 550 1330 eius.⁶alienum
574 1276 680 1330 autem
703 1289 766 1331 non
797 1271 946 1331 secuntur
973 1265 1028 1330 sed
1056 1264 1185 1350 fugiunt
1211 1266 1250 1330 ab
1282 1288 1320 1328 eo
1352 1261 1428 1348 quia

199 1365 346 1432 nesciunt
368 1391 478 1432 uocem
501 1367 577 1432 eius.
625 1367 637 1406 ⁶
681 1368 754 1433 Hoc
775 1367 978 1454 prouerbium
1001 1367 1084 1433 dixit
1106 1367 1152 1434 eis
1167 1368 1227 1431 ihs.
1250 1367 1305 1432 ille
1320 1376 1427 1431 autem

197 1491 264 1532 non
286 1477 501 1553 cognouerunt
526 1470 609 1554 quod
631 1471 819 1555 loquebatur
840 1471 915 1536 illis.

284 1571 386 1636 XIX.
434 1571 446 1608 ⁷
490 1571 585 1637 Dixit
618 1596 691 1657 ergo
715 1572 780 1637 illis
808 1573 868 1637 ihs.
895 1597 987 1637 amen
1011 1596 1101 1638 amen
1133 1573 1203 1638 dico
1232 1572 1322 1637 uobis
1353 1570 1428 1655 quia

198 1695 258 1756 ego
281 1695 351 1736 sum
375 1673 471 1739 ianua
497 1672 761 1740 ouium⁸cmnes
791 1676 962 1761 quodquod
990 1682 1148 1740 uenerunt
1176 1673 1262 1739 fures
1291 1680 1365 1738 sunt
1398 1683 1429 1738 et

200 1775 337 1840 latrones
365 1776 420 1841 sed
449 1781 489 1840 nd
517 1777 686 1842 audierunt
708 1801 780 1841 eum
802 1775 933 1858 fures(l)
958 1801 1034 1843 oues
1057 1801 1153 1842 meae.
1201 1775 1214 1813 ⁹
1256 1777 1326 1862 Ego
1359 1798 1428 1840 sum
1473 1828 1478 1839 .

199 1877 306 1940 ianua.
329 1900 386 1963 per
410 1903 458 1942 me
481 1879 508 1945 si
531 1878 602 1964 quis
623 1879 781 1944 introierit
803 1879 979 1945 saluabitnr
1001 1885 1033 1944 et
1054 1879 1204 1944 introibat
1232 1890 1266 1942 et
1293 1877 1379 1942 exiet
1397 1885 1430 1942 et

200 2001 316 2064 pascua
339 1980 490 2046 inueniet.
507 1980 533 2018 ¹⁰
544 1981 596 2046 fur
617 1985 660 2047 nd
682 1982 772 2047 uenit
795 1982 856 2047 nisi
879 1992 915 2047 ut
938 1981 1059 2047 furetur
1074 1989 1107 2048 et
1121 1981 1242 2047 occidat
1262 1987 1294 2046 et
1308 1981 1427 2066 perdat.

200 2105 259 2166 ego
282 2089 355 2146 ueni
378 2091 413 2147 ut
435 2084 535 2149 uitam
557 2086 695 2150 habeant
719 2083 760 2170 [et
782 2085 995 2150 abundantius
1017 2083 1289 2167 habeant].¹1ego
1319 2081 1356 2147 sd
1379 2105 1430 2168 pa·

200 2189 267 2247 stor
289 2185 398 2250 bonus.
421 2195 527 2272 pastor
549 2189 649 2252 bonus
672 2187 810 2252 animam
833 2211 922 2252 suam
946 2188 1000 2253 dat
1022 2210 1078 2273 pro
1093 2186 1206 2251 ouibus
1220 2185 1296 2250 suis.
1310 2183 1337 2221 ¹²
1349 2207 1428 2249 mer·

201 2286 347 2353 senarius
370 2296 475 2355 autem
500 2296 532 2354 et
554 2289 609 2373 qui
631 2313 696 2354 non
719 2297 767 2354 est
788 2298 895 2376 pastor
916 2289 1006 2355 cuius
1028 2295 1069 2353 nd
1092 2296 1167 2355 sunt
1188 2311 1264 2353 oues
1286 2285 1430 2372 propriae

202 2388 291 2455 uidet
314 2391 423 2475 lupum
447 2393 630 2457 uenientem
654 2392 841 2458 etdimittit
862 2415 938 2456 oues
961 2399 994 2456 et
1015 2390 1098 2476 fugit
1119 2398 1151 2455 et
1172 2391 1267 2476 lupus
1295 2391 1378 2474 rapit
1400 2397 1432 2452 et

200 2490 355 2577 dispargit
376 2516 452 2559 oues
466 2494 490 2530 ¹³
504 2495 714 2560 mercenarius
738 2502 843 2560 autem
866 2493 950 2578 fugit
973 2494 1048 2578 quia
1073 2492 1287 2559 conducticias
1318 2500 1367 2557 est
1399 2500 1432 2555 et

204 2617 266 2658 non
288 2596 428 2680 pertinet
449 2597 487 2660 ad
512 2620 583 2662 eum
607 2597 647 2661 de
673 2597 795 2662 ouibus.
848 2596 876 2632 ¹4
923 2598 994 2680 Ego
1026 2620 1096 2660 sum
1127 2605 1234 2682 pastor
1268 2597 1366 2660 bonus
1400 2603 1432 2659 et

201 2719 356 2780 cognosco
378 2721 465 2763 meas
488 2713 520 2764 et
542 2711 729 2784 cognoscent
751 2723 802 2764 me
826 2723 923 2764 mene.
939 2697 966 2735 ¹⁵
978 2698 1061 2765 siout
1083 2699 1241 2783 cognoscit
1262 2723 1313 2764 me
1342 2709 1431 2783 pater

200 2805 235 2863 et
257 2822 314 2883 ego
337 2823 471 2884 agnosco
493 2808 615 2887 patrem
638 2810 670 2866 et
692 2801 830 2866 animam
852 2825 955 2866 meam
979 2825 1061 2887 pono
1083 2824 1140 2887 pro
1162 2800 1275 2865 cuibus
1296 2800 1385 2865 meis.
1407 2798 1433 2838 ¹⁸

203 2909 237 2965 et
259 2900 337 2967 alias
359 2901 500 2968 cuiculas
523 2905 624 2969 habeo
647 2928 727 2989 quae
749 2928 814 2969 non
836 2913 910 2969 sunt
932 2905 971 2969 de
994 2906 1053 2969 hnc
1075 2902 1153 2968 ouili
1176 2911 1208 2967 et
1224 2902 1294 2968 illas
1309 2910 1433 2988 oportet

203 3025 256 3065 me
278 3004 433 3070 adducere
456 3011 488 3071 et
510 3030 620 3072 uocem
645 3017 717 3071 mea
732 3006 861 3071 audient
873 3016 906 3071 et
915 3009 971 3071 fiet
984 3030 1067 3071 unus
1080 3029 1158 3090 grex
1173 3013 1206 3069 et
1220 3028 1302 3070 unus
1316 3012 1431 3090 pastor.

207 3103 411 3191 llpropterea
433 3133 484 3174 me
507 3119 596 3194 pater
619 3109 723 3192 diligit
745 3109 820 3194 quia
842 3132 899 3193 ego
921 3132 1004 3194 pono
1027 3107 1165 3172 animam
1188 3131 1291 3172 meam
1317 3115 1354 3172 ut
1375 3106 1432 3171 ite·

204 3233 272 3272 rum
298 3232 419 3274 sumam
443 3216 491 3276 ea.
508 3209 637 3276 1⁸nemo
659 3211 742 3277 tollit
764 3235 833 3277 eam
856 3235 875 3276 a
898 3235 948 3275 me
971 3211 1025 3276 sed
1048 3234 1104 3295 ego
1126 3233 1208 3296 pono
1236 3233 1306 3273 eam
1335 3233 1354 3273 a
1382 3232 1433 3273 me

204 3309 271 3396 ipsc
295 3319 328 3376 et
349 3319 506 3399 potestate
530 3315 629 3379 habeo
651 3313 788 3400 ponendi
812 3338 882 3378 eam
905 3320 937 3379 et
958 3321 1146 3399 potestatem
1170 3312 1271 3377 habeo
1287 3310 1433 3376 sumendi

203 3436 284 3476 eam.
308 3416 368 3480 hoc
389 3424 591 3503 praeceptum
615 3417 725 3502 adcepi
747 3441 766 3480 a
788 3423 884 3501 patre.
900 3414 1115 3498 ¹⁹dis(sen)sio
1138 3423 1243 3480 autem
1273 3413 1356 3480 facta
1386 3421 1434 3478 est

202 3514 288 3580 inter
310 3515 440 3583 iudaeos
463 3526 592 3605 propter
612 3541 773 3584 sermones
796 3517 884 3584 istos.
899 3516 926 3554 ²⁰
938 3517 1170 3584 etdicebantet
1184 3517 1278 3581 multi
1294 3540 1335 3580 ex
1357 3515 1434 3601 ipsis

204 3617 396 3683 daemonium
419 3622 515 3686 habet
537 3633 569 3686 et
590 3621 708 3686 insanit
731 3620 808 3706 quid
830 3645 902 3686 eum
926 3620 1044 3684 auditis
1058 3619 1084 3656 ²¹
1096 3619 1151 3684 alii
1182 3619 1329 3683 dicebaut
1355 3618 1436 3684 haec

206 3721 303 3784 uerba
335 3745 399 3786 non
432 3730 507 3789 sunt
539 3723 730 3788 daemcnium
763 3722 909 3788 habentis
941 3721 1098 3807 numquid
1130 3721 1299 3786 daemonil'l
1332 3725 1436 3805 potest

203 3845 360 3888 caecorum
383 3825 489 3890 oculos
512 3826 642 3912 aperire.

293 3925 373 3990 XX.
420 3926 446 3963 ²²
490 3929 591 3994 Facta
614 3935 661 3992 est
684 3934 788 3992 autem
812 3926 968 3992 dedicatio
991 3932 1022 3989 in
1038 3925 1248 3991 hierosolimis
1264 3932 1297 3989 et
1311 3924 1437 4010 hiemps

204 4034 283 4093 erat.
298 4025 324 4065 ²⁵
337 4038 368 4094 et
390 4031 572 4095 ambulabat
595 4029 646 4094 ihs
668 4031 702 4095 in
724 4029 879 4116 porticum
903 4028 1072 4093 salomonis
1094 4027 1126 4092 in
1150 4028 1278 4113 templo.
1314 4026 1341 4064 ²⁴
1369 4027 1437 4092 cir-

206 4130 437 4197 cumdederunt
458 4131 499 4197 el'l
522 4131 628 4197 iudaei
656 4144 687 4197 et
720 4133 830 4197 dicunt
863 4131 894 4196 ei
927 4154 1089 4216 usquequo
1123 4130 1261 4194 animam
1294 4137 1436 4196 nostram

208 4233 302 4298 tollis.
327 4233 352 4300 si
376 4241 412 4300 tu
435 4258 468 4299 es
493 4239 554 4321 xps
577 4234 627 4300 dic
649 4233 738 4300 nobis
760 4235 873 4320 palam.
887 4233 1087 4319 ²⁶resp0ndit
1108 4231 1155 4297 eis
1176 4231 1237 4295 ihs.
1258 4233 1434 4318 loquorno·

206 4335 256 4400 bis
280 4348 312 4400 et
333 4359 398 4400 non
420 4336 547 4402 creditis
569 4360 663 4422 opera
693 4357 776 4421 quae
811 4360 868 4420 ego
901 4334 982 4402 facio
1016 4335 1050 4400 in
1083 4334 1210 4399 nomine
1242 4335 1340 4420 patris
1374 4334 1437 4401 mei

207 4438 286 4503 haec
308 4437 523 4503 testimonium
545 4439 713 4524 perhibent
735 4438 775 4503 de
798 4436 953 4503 me²⁶sed
974 4461 1032 4504 uos
1054 4462 1117 4503 non
1139 4436 1267 4502 creditis
1282 4435 1437 4523 quianon

207 4541 286 4605 estis
308 4563 347 4606 ex
370 4539 483 4606 ouibus
505 4539 585 4606 meis
607 4540 690 4606 sicut
711 4540 780 4605 dixi
802 4541 892 4606 uobis
915 4540 1020 4631 quide.
1038 4539 1066 4578 ²⁷
1083 4563 1159 4605 oues
1187 4541 1296 4624 [meae]
1327 4563 1436 4607 uocem

207 4665 314 4709 meam
338 4643 473 4708 audiunt
494 4647 527 4708 et
548 4665 606 4728 ego
629 4666 781 4728 cognosco
802 4643 874 4708 illas
896 4650 928 4708 et
949 4655 1125 4728 sequuntur
1147 4667 1197 4708 me
1210 4641 1280 4710 ²⁸et
1309 4668 1366 4729 ego
1388 4643 1435 4708 ui·
