<?xml version="1.0" encoding="UTF-8"?>
<!DOCTYPE html PUBLIC "-//W3C//DTD XHTML 1.0 Transitional//EN"
    "http://www.w3.org/TR/xhtml1/DTD/xhtml1-transitional.dtd">
<html xmlns="http://www.w3.org/1999/xhtml" xml:lang="en" lang="en">
 <head>
  <title>
</title>
<meta http-equiv="Content-Type" content="text/html;charset=utf-8" />
  <meta name='ocr-system' content='tesseract 3.04.00' />
  <meta name='ocr-capabilities' content='ocr_page ocr_carea ocr_par ocr_line ocrx_word'/>
</head>
<body>
  <div class='ocr_page' id='page_1' title='image "./codexfcorbeiens00unkngoog_0132.png"; bbox 0 0 3467 5192; ppageno 0'>
   <div class='ocr_carea' id='block_1_1' title="bbox 269 285 1074 352">
    <p class='ocr_par' dir='ltr' id='par_1_1' title="bbox 269 285 1074 352">
     <span class='ocr_line' id='line_1_1' title="bbox 269 285 1074 352; baseline -0.012 -6"><span class='ocrx_word' id='word_1_1' title='bbox 269 286 331 352; x_wconf 78' lang='lat'><strong>120</strong></span> <span class='ocrx_word' id='word_1_2' title='bbox 697 285 733 350; x_wconf 89' lang='lat' dir='ltr'><strong>(c.</strong></span> <span class='ocrx_word' id='word_1_3' title='bbox 753 286 798 351; x_wconf 82' lang='lat'><strong>12)</strong></span> <span class='ocrx_word' id='word_1_4' title='bbox 819 285 1000 350; x_wconf 84' lang='lat' dir='ltr'><strong>euangelium</strong></span> <span class='ocrx_word' id='word_1_5' title='bbox 1018 301 1074 338; x_wconf 86' lang='lat' dir='ltr'><strong>sec.</strong></span> 
     </span>
    </p>
   </div>
   <div class='ocr_carea' id='block_1_2' title="bbox 264 453 1719 4746">
    <p class='ocr_par' dir='ltr' id='par_1_2' title="bbox 267 453 1504 1137">
     <span class='ocr_line' id='line_1_2' title="bbox 267 453 1500 542; baseline -0.002 -20"><span class='ocrx_word' id='word_1_6' title='bbox 267 457 394 522; x_wconf 90' lang='lat' dir='ltr'><strong>uineam</strong></span> <span class='ocrx_word' id='word_1_7' title='bbox 424 455 494 522; x_wconf 90' lang='lat' dir='ltr'><strong>aliis</strong></span> <span class='ocrx_word' id='word_1_8' title='bbox 528 455 656 522; x_wconf 88' lang='lat' dir='ltr'><strong>colonis.</strong></span> <span class='ocrx_word' id='word_1_9' title='bbox 704 455 732 492; x_wconf 78' lang='lat'><strong>1⁰</strong></span> <span class='ocrx_word' id='word_1_10' title='bbox 774 455 844 520; x_wconf 91' lang='lat' dir='ltr'><strong>Nec</strong></span> <span class='ocrx_word' id='word_1_11' title='bbox 875 456 1063 542; x_wconf 78' lang='lat' dir='ltr'><strong>scripturam</strong></span> <span class='ocrx_word' id='word_1_12' title='bbox 1094 456 1176 519; x_wconf 91' lang='lat' dir='ltr'><strong>hanc</strong></span> <span class='ocrx_word' id='word_1_13' title='bbox 1208 454 1329 540; x_wconf 76' lang='lat' dir='ltr'><strong>legistis</strong></span> <span class='ocrx_word' id='word_1_14' title='bbox 1360 453 1500 541; x_wconf 83' lang='lat' dir='ltr'><strong>lapidem</strong></span> 
     </span>
     <span class='ocr_line' id='line_1_3' title="bbox 268 556 1500 645; baseline -0.002 -21"><span class='ocrx_word' id='word_1_15' title='bbox 268 565 362 644; x_wconf 85' lang='lat' dir='ltr'><strong>quenl</strong></span> <span class='ocrx_word' id='word_1_16' title='bbox 386 559 631 645; x_wconf 82' lang='lat' dir='ltr'>reprobaberunt</span> <span class='ocrx_word' id='word_1_17' title='bbox 663 557 864 623; x_wconf 89' lang='lat' dir='ltr'><strong>aedificantes</strong></span> <span class='ocrx_word' id='word_1_18' title='bbox 897 558 949 623; x_wconf 91' lang='lat' dir='ltr'><strong>hic</strong></span> <span class='ocrx_word' id='word_1_19' title='bbox 979 556 1082 623; x_wconf 84' lang='lat' dir='ltr'><strong>factus</strong></span> <span class='ocrx_word' id='word_1_20' title='bbox 1117 566 1165 622; x_wconf 91' lang='lat' dir='ltr'><strong>est</strong></span> <span class='ocrx_word' id='word_1_21' title='bbox 1198 557 1230 622; x_wconf 93' lang='lat' dir='ltr'><strong>in</strong></span> <span class='ocrx_word' id='word_1_22' title='bbox 1268 564 1362 644; x_wconf 89' lang='lat' dir='ltr'><strong>caput</strong></span> <span class='ocrx_word' id='word_1_23' title='bbox 1391 557 1500 643; x_wconf 85' lang='lat' dir='ltr'><strong>anguli</strong></span> 
     </span>
     <span class='ocr_line' id='line_1_4' title="bbox 269 658 1497 727; baseline 0 -1"><span class='ocrx_word' id='word_1_24' title='bbox 269 661 326 726; x_wconf 83' lang='lat' dir='ltr'><strong>lla</strong></span> <span class='ocrx_word' id='word_1_25' title='bbox 348 661 421 726; x_wconf 79' lang='lat' dir='ltr'><strong>dmo</strong></span> <span class='ocrx_word' id='word_1_26' title='bbox 444 660 546 726; x_wconf 86' lang='lat' dir='ltr'><strong>factus</strong></span> <span class='ocrx_word' id='word_1_27' title='bbox 579 669 627 727; x_wconf 88' lang='lat' dir='ltr'><strong>est</strong></span> <span class='ocrx_word' id='word_1_28' title='bbox 657 661 709 727; x_wconf 91' lang='lat' dir='ltr'><strong>hio</strong></span> <span class='ocrx_word' id='word_1_29' title='bbox 732 669 780 726; x_wconf 88' lang='lat' dir='ltr'><strong>est</strong></span> <span class='ocrx_word' id='word_1_30' title='bbox 802 659 987 725; x_wconf 76' lang='lat' dir='ltr'><strong>admirabile</strong></span> <span class='ocrx_word' id='word_1_31' title='bbox 1010 659 1043 724; x_wconf 93' lang='lat' dir='ltr'><strong>in</strong></span> <span class='ocrx_word' id='word_1_32' title='bbox 1077 659 1176 725; x_wconf 89' lang='lat' dir='ltr'><strong>oculis</strong></span> <span class='ocrx_word' id='word_1_33' title='bbox 1212 659 1336 725; x_wconf 88' lang='lat' dir='ltr'><strong>nostris.</strong></span> <span class='ocrx_word' id='word_1_34' title='bbox 1381 658 1410 697; x_wconf 77' lang='lat'><strong>¹²</strong></span> <span class='ocrx_word' id='word_1_35' title='bbox 1452 661 1497 726; x_wconf 78' lang='lat' dir='ltr'><strong>nt</strong></span> 
     </span>
     <span class='ocr_line' id='line_1_5' title="bbox 268 761 1499 849; baseline -0.002 -20"><span class='ocrx_word' id='word_1_36' title='bbox 268 765 442 849; x_wconf 81' lang='lat' dir='ltr'>querebant</span> <span class='ocrx_word' id='word_1_37' title='bbox 465 787 537 828; x_wconf 91' lang='lat' dir='ltr'><strong>eum</strong></span> <span class='ocrx_word' id='word_1_38' title='bbox 559 774 667 828; x_wconf 89' lang='lat' dir='ltr'><strong>tenere</strong></span> <span class='ocrx_word' id='word_1_39' title='bbox 691 772 722 829; x_wconf 91' lang='lat' dir='ltr'><strong>et</strong></span> <span class='ocrx_word' id='word_1_40' title='bbox 744 763 922 828; x_wconf 88' lang='lat' dir='ltr'><strong>timuerunt</strong></span> <span class='ocrx_word' id='word_1_41' title='bbox 943 764 1067 827; x_wconf 88' lang='lat' dir='ltr'><strong>turbam</strong></span> <span class='ocrx_word' id='word_1_42' title='bbox 1092 773 1307 846; x_wconf 89' lang='lat' dir='ltr'><strong>cognoueruut</strong></span> <span class='ocrx_word' id='word_1_43' title='bbox 1323 761 1408 826; x_wconf 91' lang='lat' dir='ltr'><strong>enim</strong></span> <span class='ocrx_word' id='word_1_44' title='bbox 1424 784 1499 847; x_wconf 91' lang='lat' dir='ltr'><strong>quo·</strong></span> 
     </span>
     <span class='ocr_line' id='line_1_6' title="bbox 267 862 1497 951; baseline -0.002 -20"><span class='ocrx_word' id='word_1_45' title='bbox 267 867 353 932; x_wconf 91' lang='lat' dir='ltr'><strong>niam</strong></span> <span class='ocrx_word' id='word_1_46' title='bbox 377 867 414 930; x_wconf 92' lang='lat' dir='ltr'><strong>ad</strong></span> <span class='ocrx_word' id='word_1_47' title='bbox 439 865 523 951; x_wconf 85' lang='lat' dir='ltr'><strong>ipsos</strong></span> <span class='ocrx_word' id='word_1_48' title='bbox 546 865 628 930; x_wconf 80' lang='lat' dir='ltr'><strong>dixit</strong></span> <span class='ocrx_word' id='word_1_49' title='bbox 649 865 829 951; x_wconf 89' lang='lat' dir='ltr'><strong>parabolam</strong></span> <span class='ocrx_word' id='word_1_50' title='bbox 854 866 945 930; x_wconf 87' lang='lat' dir='ltr'><strong>hanc.</strong></span> <span class='ocrx_word' id='word_1_51' title='bbox 975 870 1007 929; x_wconf 84' lang='lat' dir='ltr'><strong>et</strong></span> <span class='ocrx_word' id='word_1_52' title='bbox 1035 864 1145 929; x_wconf 87' lang='lat' dir='ltr'><strong>relicto</strong></span> <span class='ocrx_word' id='word_1_53' title='bbox 1180 864 1235 929; x_wconf 91' lang='lat' dir='ltr'><strong>illo</strong></span> <span class='ocrx_word' id='word_1_54' title='bbox 1271 864 1425 930; x_wconf 92' lang='lat' dir='ltr'><strong>abierunt.</strong></span> <span class='ocrx_word' id='word_1_55' title='bbox 1471 862 1497 901; x_wconf 77' lang='lat'><strong>¹³</strong></span> 
     </span>
     <span class='ocr_line' id='line_1_7' title="bbox 267 967 1504 1054; baseline -0.002 -20"><span class='ocrx_word' id='word_1_56' title='bbox 267 970 311 1035; x_wconf 85' lang='lat' dir='ltr'><strong>Elt</strong></span> <span class='ocrx_word' id='word_1_57' title='bbox 333 969 464 1033; x_wconf 90' lang='lat' dir='ltr'><strong>mittunt</strong></span> <span class='ocrx_word' id='word_1_58' title='bbox 487 968 637 1052; x_wconf 90' lang='lat' dir='ltr'><strong>quosdam</strong></span> <span class='ocrx_word' id='word_1_59' title='bbox 661 991 701 1032; x_wconf 85' lang='lat' dir='ltr'><strong>ex</strong></span> <span class='ocrx_word' id='word_1_60' title='bbox 724 967 898 1054; x_wconf 84' lang='lat' dir='ltr'><strong>pharisaeis</strong></span> <span class='ocrx_word' id='word_1_61' title='bbox 920 976 952 1034; x_wconf 91' lang='lat' dir='ltr'><strong>et</strong></span> <span class='ocrx_word' id='word_1_62' title='bbox 974 967 1156 1032; x_wconf 84' lang='lat' dir='ltr'><strong>herodianis</strong></span> <span class='ocrx_word' id='word_1_63' title='bbox 1177 975 1215 1032; x_wconf 91' lang='lat' dir='ltr'><strong>ut</strong></span> <span class='ocrx_word' id='word_1_64' title='bbox 1246 990 1319 1031; x_wconf 87' lang='lat' dir='ltr'><strong>eum</strong></span> <span class='ocrx_word' id='word_1_65' title='bbox 1349 971 1504 1052; x_wconf 90' lang='lat' dir='ltr'><strong>caperent-</strong></span> 
     </span>
     <span class='ocr_line' id='line_1_8' title="bbox 267 1072 430 1137; baseline -0.018 0"><span class='ocrx_word' id='word_1_66' title='bbox 267 1073 301 1137; x_wconf 93' lang='lat' dir='ltr'><strong>in</strong></span> <span class='ocrx_word' id='word_1_67' title='bbox 325 1072 430 1136; x_wconf 90' lang='lat' dir='ltr'><strong>uerbo.</strong></span> 
     </span>
    </p>

    <p class='ocr_par' dir='ltr' id='par_1_3' title="bbox 267 1171 1503 2078">
     <span class='ocr_line' id='line_1_9' title="bbox 353 1171 1496 1257; baseline -0.003 -19"><span class='ocrx_word' id='word_1_68' title='bbox 353 1173 562 1239; x_wconf 88' lang='lat' dir='ltr'>XXXVIII.</span> <span class='ocrx_word' id='word_1_69' title='bbox 610 1171 636 1208; x_wconf 79' lang='lat'><strong>¹⁴</strong></span> <span class='ocrx_word' id='word_1_70' title='bbox 678 1172 723 1238; x_wconf 81' lang='lat' dir='ltr'><strong>Et</strong></span> <span class='ocrx_word' id='word_1_71' title='bbox 745 1172 912 1237; x_wconf 89' lang='lat' dir='ltr'><strong>uenientes</strong></span> <span class='ocrx_word' id='word_1_72' title='bbox 934 1171 1073 1257; x_wconf 89' lang='lat' dir='ltr'><strong>pharisei</strong></span> <span class='ocrx_word' id='word_1_73' title='bbox 1104 1172 1340 1257; x_wconf 86' lang='lat' dir='ltr'><strong>interrogabant</strong></span> <span class='ocrx_word' id='word_1_74' title='bbox 1370 1171 1411 1234; x_wconf 80' lang='lat' dir='ltr'><strong>eir</strong></span> <span class='ocrx_word' id='word_1_75' title='bbox 1439 1171 1496 1235; x_wconf 90' lang='lat' dir='ltr'><strong>sub</strong></span> 
     </span>
     <span class='ocr_line' id='line_1_10' title="bbox 268 1273 1497 1360; baseline -0.002 -19"><span class='ocrx_word' id='word_1_76' title='bbox 268 1277 338 1342; x_wconf 92' lang='lat' dir='ltr'><strong>dole</strong></span> <span class='ocrx_word' id='word_1_77' title='bbox 360 1276 510 1360; x_wconf 86' lang='lat' dir='ltr'><strong>magister</strong></span> <span class='ocrx_word' id='word_1_78' title='bbox 531 1273 647 1340; x_wconf 87' lang='lat' dir='ltr'><strong>scimus</strong></span> <span class='ocrx_word' id='word_1_79' title='bbox 668 1274 744 1360; x_wconf 88' lang='lat' dir='ltr'><strong>quia</strong></span> <span class='ocrx_word' id='word_1_80' title='bbox 771 1298 867 1339; x_wconf 88' lang='lat' dir='ltr'><strong>uerax</strong></span> <span class='ocrx_word' id='word_1_81' title='bbox 897 1296 930 1339; x_wconf 90' lang='lat' dir='ltr'><strong>es</strong></span> <span class='ocrx_word' id='word_1_82' title='bbox 960 1282 991 1340; x_wconf 92' lang='lat' dir='ltr'><strong>et</strong></span> <span class='ocrx_word' id='word_1_83' title='bbox 1024 1297 1086 1338; x_wconf 90' lang='lat' dir='ltr'><strong>non</strong></span> <span class='ocrx_word' id='word_1_84' title='bbox 1121 1297 1211 1340; x_wconf 89' lang='lat' dir='ltr'><strong>curas</strong></span> <span class='ocrx_word' id='word_1_85' title='bbox 1245 1277 1404 1358; x_wconf 68' lang='lat' dir='ltr'><strong>quaquam</strong></span> <span class='ocrx_word' id='word_1_86' title='bbox 1437 1295 1497 1338; x_wconf 90' lang='lat' dir='ltr'><strong>nec</strong></span> 
     </span>
     <span class='ocr_line' id='line_1_11' title="bbox 269 1374 1497 1464; baseline -0.005 -20"><span class='ocrx_word' id='word_1_87' title='bbox 269 1378 352 1444; x_wconf 91' lang='lat' dir='ltr'><strong>enim</strong></span> <span class='ocrx_word' id='word_1_88' title='bbox 376 1376 489 1464; x_wconf 88' lang='lat' dir='ltr'><strong>aspicis</strong></span> <span class='ocrx_word' id='word_1_89' title='bbox 513 1400 660 1463; x_wconf 87' lang='lat' dir='ltr'><strong>personas</strong></span> <span class='ocrx_word' id='word_1_90' title='bbox 683 1377 847 1442; x_wconf 89' lang='lat' dir='ltr'><strong>hominum</strong></span> <span class='ocrx_word' id='word_1_91' title='bbox 872 1378 926 1441; x_wconf 88' lang='lat' dir='ltr'><strong>sed</strong></span> <span class='ocrx_word' id='word_1_92' title='bbox 949 1377 981 1440; x_wconf 93' lang='lat' dir='ltr'><strong>in</strong></span> <span class='ocrx_word' id='word_1_93' title='bbox 1005 1378 1142 1442; x_wconf 91' lang='lat' dir='ltr'><strong>ueritate</strong></span> <span class='ocrx_word' id='word_1_94' title='bbox 1163 1376 1250 1440; x_wconf 92' lang='lat' dir='ltr'><strong>uiam</strong></span> <span class='ocrx_word' id='word_1_95' title='bbox 1273 1376 1306 1440; x_wconf 91' lang='lat' dir='ltr'><strong>di</strong></span> <span class='ocrx_word' id='word_1_96' title='bbox 1328 1376 1419 1440; x_wconf 90' lang='lat' dir='ltr'><strong>doces</strong></span> <span class='ocrx_word' id='word_1_97' title='bbox 1446 1374 1497 1439; x_wconf 93' lang='lat' dir='ltr'><strong>dic</strong></span> 
     </span>
     <span class='ocr_line' id='line_1_12' title="bbox 269 1477 1502 1565; baseline -0.005 -19"><span class='ocrx_word' id='word_1_98' title='bbox 269 1503 342 1565; x_wconf 88' lang='lat' dir='ltr'><strong>ergo</strong></span> <span class='ocrx_word' id='word_1_99' title='bbox 365 1479 455 1544; x_wconf 91' lang='lat' dir='ltr'><strong>nobis</strong></span> <span class='ocrx_word' id='word_1_100' title='bbox 477 1479 552 1544; x_wconf 90' lang='lat' dir='ltr'><strong>licet</strong></span> <span class='ocrx_word' id='word_1_101' title='bbox 574 1479 728 1544; x_wconf 87' lang='lat' dir='ltr'><strong>tributum</strong></span> <span class='ocrx_word' id='word_1_102' title='bbox 752 1480 826 1544; x_wconf 90' lang='lat' dir='ltr'><strong>dare</strong></span> <span class='ocrx_word' id='word_1_103' title='bbox 853 1479 971 1544; x_wconf 90' lang='lat' dir='ltr'><strong>caesari</strong></span> <span class='ocrx_word' id='word_1_104' title='bbox 995 1488 1050 1544; x_wconf 91' lang='lat' dir='ltr'><strong>aut</strong></span> <span class='ocrx_word' id='word_1_105' title='bbox 1082 1503 1155 1545; x_wconf 92' lang='lat' dir='ltr'><strong>non.</strong></span> <span class='ocrx_word' id='word_1_106' title='bbox 1170 1477 1197 1518; x_wconf 80' lang='lat'><strong>¹⁶</strong></span> <span class='ocrx_word' id='word_1_107' title='bbox 1208 1478 1321 1543; x_wconf 86' lang='lat' dir='ltr'><strong>uidens</strong></span> <span class='ocrx_word' id='word_1_108' title='bbox 1343 1501 1418 1542; x_wconf 90' lang='lat' dir='ltr'><strong>uero</strong></span> <span class='ocrx_word' id='word_1_109' title='bbox 1444 1477 1502 1540; x_wconf 82' lang='lat' dir='ltr'><strong>ihs-</strong></span> 
     </span>
     <span class='ocr_line' id='line_1_13' title="bbox 267 1578 1496 1668; baseline -0.005 -20"><span class='ocrx_word' id='word_1_110' title='bbox 267 1582 423 1648; x_wconf 88' lang='lat' dir='ltr'><strong>uersutias</strong></span> <span class='ocrx_word' id='word_1_111' title='bbox 446 1606 554 1647; x_wconf 91' lang='lat' dir='ltr'><strong>eorum</strong></span> <span class='ocrx_word' id='word_1_112' title='bbox 577 1581 622 1647; x_wconf 90' lang='lat' dir='ltr'><strong>ait</strong></span> <span class='ocrx_word' id='word_1_113' title='bbox 644 1582 708 1646; x_wconf 90' lang='lat' dir='ltr'><strong>illis</strong></span> <span class='ocrx_word' id='word_1_114' title='bbox 732 1583 808 1667; x_wconf 93' lang='lat' dir='ltr'><strong>quid</strong></span> <span class='ocrx_word' id='word_1_115' title='bbox 831 1606 882 1647; x_wconf 90' lang='lat' dir='ltr'><strong>me</strong></span> <span class='ocrx_word' id='word_1_116' title='bbox 904 1582 1067 1668; x_wconf 88' lang='lat' dir='ltr'><strong>temptatis</strong></span> <span class='ocrx_word' id='word_1_117' title='bbox 1090 1581 1210 1646; x_wconf 84' lang='lat' dir='ltr'><strong>adferte</strong></span> <span class='ocrx_word' id='word_1_118' title='bbox 1233 1581 1313 1646; x_wconf 92' lang='lat' dir='ltr'><strong>mihi</strong></span> <span class='ocrx_word' id='word_1_119' title='bbox 1331 1578 1496 1645; x_wconf 90' lang='lat' dir='ltr'><strong>denarium</strong></span> 
     </span>
     <span class='ocr_line' id='line_1_14' title="bbox 267 1682 1497 1751; baseline -0.004 0"><span class='ocrx_word' id='word_1_120' title='bbox 267 1691 303 1751; x_wconf 90' lang='lat' dir='ltr'><strong>ut</strong></span> <span class='ocrx_word' id='word_1_121' title='bbox 325 1685 461 1750; x_wconf 90' lang='lat' dir='ltr'><strong>uideam.</strong></span> <span class='ocrx_word' id='word_1_122' title='bbox 507 1683 534 1723; x_wconf 80' lang='lat'><strong>¹⁶</strong></span> <span class='ocrx_word' id='word_1_123' title='bbox 578 1685 632 1749; x_wconf 87' lang='lat' dir='ltr'><strong>Ad</strong></span> <span class='ocrx_word' id='word_1_124' title='bbox 654 1684 702 1748; x_wconf 92' lang='lat' dir='ltr'><strong>illi</strong></span> <span class='ocrx_word' id='word_1_125' title='bbox 725 1685 916 1750; x_wconf 87' lang='lat' dir='ltr'><strong>adtulerunt.</strong></span> <span class='ocrx_word' id='word_1_126' title='bbox 962 1685 1006 1749; x_wconf 83' lang='lat' dir='ltr'><strong>Et</strong></span> <span class='ocrx_word' id='word_1_127' title='bbox 1039 1685 1084 1750; x_wconf 94' lang='lat' dir='ltr'><strong>ait</strong></span> <span class='ocrx_word' id='word_1_128' title='bbox 1116 1684 1180 1749; x_wconf 87' lang='lat' dir='ltr'><strong>illis</strong></span> <span class='ocrx_word' id='word_1_129' title='bbox 1214 1684 1305 1750; x_wconf 90' lang='lat' dir='ltr'><strong>cuius</strong></span> <span class='ocrx_word' id='word_1_130' title='bbox 1338 1688 1386 1747; x_wconf 88' lang='lat' dir='ltr'><strong>est</strong></span> <span class='ocrx_word' id='word_1_131' title='bbox 1419 1682 1497 1746; x_wconf 90' lang='lat' dir='ltr'><strong>haec</strong></span> 
     </span>
     <span class='ocr_line' id='line_1_15' title="bbox 267 1784 1503 1873; baseline -0.003 -21"><span class='ocrx_word' id='word_1_132' title='bbox 267 1788 371 1873; x_wconf 91' lang='lat' dir='ltr'><strong>imago</strong></span> <span class='ocrx_word' id='word_1_133' title='bbox 394 1793 426 1852; x_wconf 92' lang='lat' dir='ltr'><strong>et</strong></span> <span class='ocrx_word' id='word_1_134' title='bbox 447 1786 680 1873; x_wconf 81' lang='lat' dir='ltr'><strong>superscriptio.</strong></span> <span class='ocrx_word' id='word_1_135' title='bbox 704 1787 752 1851; x_wconf 93' lang='lat' dir='ltr'><strong>illi</strong></span> <span class='ocrx_word' id='word_1_136' title='bbox 774 1811 850 1852; x_wconf 89' lang='lat' dir='ltr'><strong>uero</strong></span> <span class='ocrx_word' id='word_1_137' title='bbox 874 1786 1024 1852; x_wconf 89' lang='lat' dir='ltr'><strong>dixerunt</strong></span> <span class='ocrx_word' id='word_1_138' title='bbox 1046 1788 1188 1852; x_wconf 89' lang='lat' dir='ltr'><strong>caesaris.</strong></span> <span class='ocrx_word' id='word_1_139' title='bbox 1224 1786 1251 1824; x_wconf 78' lang='lat'><strong>¹⁷</strong></span> <span class='ocrx_word' id='word_1_140' title='bbox 1286 1784 1503 1871; x_wconf 81' lang='lat' dir='ltr'><strong>Respondeas</strong></span> 
     </span>
     <span class='ocr_line' id='line_1_16' title="bbox 267 1886 1497 1975; baseline -0.002 -21"><span class='ocrx_word' id='word_1_141' title='bbox 267 1899 374 1956; x_wconf 91' lang='lat' dir='ltr'><strong>autem</strong></span> <span class='ocrx_word' id='word_1_142' title='bbox 396 1889 448 1953; x_wconf 81' lang='lat' dir='ltr'><strong>ihs</strong></span> <span class='ocrx_word' id='word_1_143' title='bbox 471 1888 553 1955; x_wconf 85' lang='lat' dir='ltr'><strong>dixit</strong></span> <span class='ocrx_word' id='word_1_144' title='bbox 575 1889 646 1954; x_wconf 84' lang='lat' dir='ltr'><strong>illis.</strong></span> <span class='ocrx_word' id='word_1_145' title='bbox 692 1890 830 1955; x_wconf 85' lang='lat' dir='ltr'><strong>Reddite</strong></span> <span class='ocrx_word' id='word_1_146' title='bbox 863 1889 961 1974; x_wconf 88' lang='lat' dir='ltr'><strong>igitur</strong></span> <span class='ocrx_word' id='word_1_147' title='bbox 987 1913 1069 1975; x_wconf 91' lang='lat' dir='ltr'><strong>quae</strong></span> <span class='ocrx_word' id='word_1_148' title='bbox 1102 1896 1177 1955; x_wconf 89' lang='lat' dir='ltr'><strong>sunt</strong></span> <span class='ocrx_word' id='word_1_149' title='bbox 1210 1889 1345 1954; x_wconf 90' lang='lat' dir='ltr'><strong>caesaris</strong></span> <span class='ocrx_word' id='word_1_150' title='bbox 1378 1886 1497 1953; x_wconf 84' lang='lat' dir='ltr'><strong>caesari</strong></span> 
     </span>
     <span class='ocr_line' id='line_1_17' title="bbox 267 1991 1148 2078; baseline -0.003 -20"><span class='ocrx_word' id='word_1_151' title='bbox 267 2001 299 2060; x_wconf 94' lang='lat' dir='ltr'><strong>et</strong></span> <span class='ocrx_word' id='word_1_152' title='bbox 321 2015 401 2078; x_wconf 91' lang='lat' dir='ltr'><strong>quae</strong></span> <span class='ocrx_word' id='word_1_153' title='bbox 424 1998 499 2057; x_wconf 88' lang='lat' dir='ltr'><strong>sunt</strong></span> <span class='ocrx_word' id='word_1_154' title='bbox 521 1993 552 2056; x_wconf 87' lang='lat' dir='ltr'><strong>di</strong></span> <span class='ocrx_word' id='word_1_155' title='bbox 575 1991 615 2056; x_wconf 84' lang='lat' dir='ltr'><strong>do</strong></span> <span class='ocrx_word' id='word_1_156' title='bbox 638 2001 669 2057; x_wconf 90' lang='lat' dir='ltr'><strong>et</strong></span> <span class='ocrx_word' id='word_1_157' title='bbox 691 1992 928 2057; x_wconf 88' lang='lat' dir='ltr'><strong>admirabantur</strong></span> <span class='ocrx_word' id='word_1_158' title='bbox 950 2015 1044 2078; x_wconf 88' lang='lat' dir='ltr'><strong>snper</strong></span> <span class='ocrx_word' id='word_1_159' title='bbox 1066 2015 1148 2056; x_wconf 89' lang='lat' dir='ltr'><strong>eum.</strong></span> 
     </span>
    </p>

    <p class='ocr_par' dir='ltr' id='par_1_4' title="bbox 264 2088 1719 4746">
     <span class='ocr_line' id='line_1_18' title="bbox 351 2088 1495 2179; baseline -0.001 -21"><span class='ocrx_word' id='word_1_160' title='bbox 351 2094 528 2159; x_wconf 90' lang='lat' dir='ltr'>XXXIX.</span> <span class='ocrx_word' id='word_1_161' title='bbox 575 2092 602 2131; x_wconf 80' lang='lat'><strong>¹⁸</strong></span> <span class='ocrx_word' id='word_1_162' title='bbox 645 2095 689 2159; x_wconf 77' lang='lat' dir='ltr'><strong>Et</strong></span> <span class='ocrx_word' id='word_1_163' title='bbox 711 2088 868 2159; x_wconf 89' lang='lat' dir='ltr'><strong>uenerunt</strong></span> <span class='ocrx_word' id='word_1_164' title='bbox 890 2091 928 2159; x_wconf 90' lang='lat' dir='ltr'><strong>ad</strong></span> <span class='ocrx_word' id='word_1_165' title='bbox 951 2119 1024 2159; x_wconf 91' lang='lat' dir='ltr'><strong>eum</strong></span> <span class='ocrx_word' id='word_1_166' title='bbox 1048 2093 1216 2159; x_wconf 90' lang='lat' dir='ltr'><strong>sadducaei</strong></span> <span class='ocrx_word' id='word_1_167' title='bbox 1238 2095 1293 2179; x_wconf 92' lang='lat' dir='ltr'><strong>qui</strong></span> <span class='ocrx_word' id='word_1_168' title='bbox 1308 2093 1417 2158; x_wconf 89' lang='lat' dir='ltr'><strong>dicunt</strong></span> <span class='ocrx_word' id='word_1_169' title='bbox 1432 2115 1495 2158; x_wconf 92' lang='lat' dir='ltr'><strong>non</strong></span> 
     </span>
     <span class='ocr_line' id='line_1_19' title="bbox 267 2183 1496 2281; baseline -0.002 -19"><span class='ocrx_word' id='word_1_170' title='bbox 267 2220 335 2263; x_wconf 90' lang='lat' dir='ltr'><strong>esse</strong></span> <span class='ocrx_word' id='word_1_171' title='bbox 356 2183 617 2263; x_wconf 82' lang='lat' dir='ltr'><strong>resurrectionem</strong></span> <span class='ocrx_word' id='word_1_172' title='bbox 640 2203 673 2262; x_wconf 91' lang='lat' dir='ltr'><strong>et</strong></span> <span class='ocrx_word' id='word_1_173' title='bbox 695 2196 931 2281; x_wconf 88' lang='lat' dir='ltr'><strong>interrogabant</strong></span> <span class='ocrx_word' id='word_1_174' title='bbox 953 2220 1025 2261; x_wconf 91' lang='lat' dir='ltr'><strong>eum</strong></span> <span class='ocrx_word' id='word_1_175' title='bbox 1049 2195 1189 2262; x_wconf 91' lang='lat' dir='ltr'><strong>dicentes</strong></span> <span class='ocrx_word' id='word_1_176' title='bbox 1203 2195 1230 2233; x_wconf 84' lang='lat'><strong>¹⁹</strong></span> <span class='ocrx_word' id='word_1_177' title='bbox 1241 2196 1391 2281; x_wconf 88' lang='lat' dir='ltr'><strong>magister</strong></span> <span class='ocrx_word' id='word_1_178' title='bbox 1411 2219 1496 2279; x_wconf 90' lang='lat' dir='ltr'><strong>moy-</strong></span> 
     </span>
     <span class='ocr_line' id='line_1_20' title="bbox 267 2297 1496 2366; baseline -0.002 -2"><span class='ocrx_word' id='word_1_179' title='bbox 267 2323 316 2364; x_wconf 89' lang='lat' dir='ltr'><strong>ses</strong></span> <span class='ocrx_word' id='word_1_180' title='bbox 338 2299 463 2365; x_wconf 84' lang='lat' dir='ltr'><strong>scribsit</strong></span> <span class='ocrx_word' id='word_1_181' title='bbox 485 2298 574 2364; x_wconf 88' lang='lat' dir='ltr'><strong>nobis</strong></span> <span class='ocrx_word' id='word_1_182' title='bbox 596 2305 633 2365; x_wconf 90' lang='lat' dir='ltr'><strong>ut</strong></span> <span class='ocrx_word' id='word_1_183' title='bbox 655 2299 681 2364; x_wconf 91' lang='lat' dir='ltr'><strong>si</strong></span> <span class='ocrx_word' id='word_1_184' title='bbox 706 2299 795 2363; x_wconf 91' lang='lat' dir='ltr'><strong>cuius</strong></span> <span class='ocrx_word' id='word_1_185' title='bbox 822 2298 921 2363; x_wconf 85' lang='lat' dir='ltr'><strong>frater</strong></span> <span class='ocrx_word' id='word_1_186' title='bbox 953 2299 1120 2365; x_wconf 87' lang='lat' dir='ltr'><strong>defunctus</strong></span> <span class='ocrx_word' id='word_1_187' title='bbox 1154 2299 1251 2366; x_wconf 86' lang='lat' dir='ltr'><strong>fuerit</strong></span> <span class='ocrx_word' id='word_1_188' title='bbox 1284 2310 1316 2364; x_wconf 88' lang='lat' dir='ltr'><strong>et</strong></span> <span class='ocrx_word' id='word_1_189' title='bbox 1349 2297 1496 2363; x_wconf 89' lang='lat' dir='ltr'><strong>habuerit</strong></span> 
     </span>
     <span class='ocr_line' id='line_1_21' title="bbox 268 2399 1495 2488; baseline -0.002 -21"><span class='ocrx_word' id='word_1_190' title='bbox 268 2425 397 2467; x_wconf 90' lang='lat' dir='ltr'><strong>uxorem</strong></span> <span class='ocrx_word' id='word_1_191' title='bbox 421 2411 452 2467; x_wconf 86' lang='lat' dir='ltr'><strong>et</strong></span> <span class='ocrx_word' id='word_1_192' title='bbox 474 2425 536 2466; x_wconf 93' lang='lat' dir='ltr'><strong>non</strong></span> <span class='ocrx_word' id='word_1_193' title='bbox 559 2401 723 2487; x_wconf 87' lang='lat' dir='ltr'><strong>reliquerit</strong></span> <span class='ocrx_word' id='word_1_194' title='bbox 744 2401 827 2466; x_wconf 88' lang='lat' dir='ltr'><strong>filios</strong></span> <span class='ocrx_word' id='word_1_195' title='bbox 849 2410 885 2466; x_wconf 88' lang='lat' dir='ltr'><strong>ut</strong></span> <span class='ocrx_word' id='word_1_196' title='bbox 908 2401 1046 2488; x_wconf 90' lang='lat' dir='ltr'><strong>adcipiat</strong></span> <span class='ocrx_word' id='word_1_197' title='bbox 1067 2402 1164 2468; x_wconf 84' lang='lat' dir='ltr'><strong>frater</strong></span> <span class='ocrx_word' id='word_1_198' title='bbox 1187 2401 1254 2468; x_wconf 90' lang='lat' dir='ltr'><strong>eius</strong></span> <span class='ocrx_word' id='word_1_199' title='bbox 1283 2425 1413 2466; x_wconf 85' lang='lat' dir='ltr'><strong>uxorem</strong></span> <span class='ocrx_word' id='word_1_200' title='bbox 1448 2399 1495 2486; x_wconf 92' lang='lat' dir='ltr'><strong>ip·</strong></span> 
     </span>
     <span class='ocr_line' id='line_1_22' title="bbox 267 2502 1503 2590; baseline -0.001 -20"><span class='ocrx_word' id='word_1_201' title='bbox 267 2505 331 2570; x_wconf 89' lang='lat' dir='ltr'><strong>sius</strong></span> <span class='ocrx_word' id='word_1_202' title='bbox 354 2510 387 2569; x_wconf 88' lang='lat' dir='ltr'><strong>et</strong></span> <span class='ocrx_word' id='word_1_203' title='bbox 408 2503 576 2570; x_wconf 89' lang='lat' dir='ltr'><strong>resuscitet</strong></span> <span class='ocrx_word' id='word_1_204' title='bbox 597 2527 705 2569; x_wconf 89' lang='lat' dir='ltr'><strong>semen</strong></span> <span class='ocrx_word' id='word_1_205' title='bbox 734 2503 824 2568; x_wconf 87' lang='lat' dir='ltr'><strong>fratri</strong></span> <span class='ocrx_word' id='word_1_206' title='bbox 858 2527 923 2569; x_wconf 93' lang='lat' dir='ltr'><strong>suo.</strong></span> <span class='ocrx_word' id='word_1_207' title='bbox 971 2503 999 2542; x_wconf 76' lang='lat'><strong>²⁰</strong></span> <span class='ocrx_word' id='word_1_208' title='bbox 1041 2502 1188 2569; x_wconf 81' lang='lat' dir='ltr'><strong>Fuerunt</strong></span> <span class='ocrx_word' id='word_1_209' title='bbox 1221 2527 1295 2590; x_wconf 82' lang='lat' dir='ltr'><strong>ergo</strong></span> <span class='ocrx_word' id='word_1_210' title='bbox 1328 2509 1405 2590; x_wconf 92' lang='lat' dir='ltr'><strong>aput</strong></span> <span class='ocrx_word' id='word_1_211' title='bbox 1438 2526 1503 2569; x_wconf 78' lang='lat' dir='ltr'><strong>nos-</strong></span> 
     </span>
     <span class='ocr_line' id='line_1_23' title="bbox 264 2605 1496 2694; baseline -0.002 -21"><span class='ocrx_word' id='word_1_212' title='bbox 264 2615 390 2694; x_wconf 86' lang='lat' dir='ltr'><strong>septem&#39;</strong></span> <span class='ocrx_word' id='word_1_213' title='bbox 409 2605 520 2670; x_wconf 84' lang='lat' dir='ltr'><strong>fratres</strong></span> <span class='ocrx_word' id='word_1_214' title='bbox 542 2613 574 2672; x_wconf 91' lang='lat' dir='ltr'><strong>et</strong></span> <span class='ocrx_word' id='word_1_215' title='bbox 595 2605 717 2692; x_wconf 91' lang='lat' dir='ltr'><strong>primus</strong></span> <span class='ocrx_word' id='word_1_216' title='bbox 739 2607 864 2692; x_wconf 87' lang='lat' dir='ltr'><strong>adoepit</strong></span> <span class='ocrx_word' id='word_1_217' title='bbox 888 2630 1017 2672; x_wconf 91' lang='lat' dir='ltr'><strong>uxorem</strong></span> <span class='ocrx_word' id='word_1_218' title='bbox 1041 2618 1073 2673; x_wconf 90' lang='lat' dir='ltr'><strong>et</strong></span> <span class='ocrx_word' id='word_1_219' title='bbox 1094 2615 1238 2673; x_wconf 87' lang='lat' dir='ltr'><strong>mortuus</strong></span> <span class='ocrx_word' id='word_1_220' title='bbox 1261 2614 1309 2673; x_wconf 90' lang='lat' dir='ltr'><strong>est</strong></span> <span class='ocrx_word' id='word_1_221' title='bbox 1333 2631 1395 2672; x_wconf 93' lang='lat' dir='ltr'><strong>non</strong></span> <span class='ocrx_word' id='word_1_222' title='bbox 1426 2605 1496 2670; x_wconf 92' lang='lat' dir='ltr'><strong>reli·</strong></span> 
     </span>
     <span class='ocr_line' id='line_1_24' title="bbox 268 2707 1495 2795; baseline 0.001 -22"><span class='ocrx_word' id='word_1_223' title='bbox 268 2709 344 2793; x_wconf 93' lang='lat' dir='ltr'><strong>quid</strong></span> <span class='ocrx_word' id='word_1_224' title='bbox 367 2732 483 2774; x_wconf 90' lang='lat' dir='ltr'><strong>semen.</strong></span> <span class='ocrx_word' id='word_1_225' title='bbox 497 2707 523 2744; x_wconf 74' lang='lat'><strong>²¹</strong></span> <span class='ocrx_word' id='word_1_226' title='bbox 536 2715 568 2773; x_wconf 90' lang='lat' dir='ltr'><strong>et</strong></span> <span class='ocrx_word' id='word_1_227' title='bbox 590 2709 747 2774; x_wconf 87' lang='lat' dir='ltr'><strong>secundus</strong></span> <span class='ocrx_word' id='word_1_228' title='bbox 771 2708 896 2795; x_wconf 88' lang='lat' dir='ltr'><strong>adcepit</strong></span> <span class='ocrx_word' id='word_1_229' title='bbox 918 2733 987 2784; x_wconf 88' lang='lat' dir='ltr'><strong>eam</strong></span> <span class='ocrx_word' id='word_1_230' title='bbox 1011 2717 1043 2774; x_wconf 85' lang='lat' dir='ltr'><strong>et</strong></span> <span class='ocrx_word' id='word_1_231' title='bbox 1065 2718 1207 2776; x_wconf 90' lang='lat' dir='ltr'><strong>mortuus</strong></span> <span class='ocrx_word' id='word_1_232' title='bbox 1231 2716 1279 2775; x_wconf 92' lang='lat' dir='ltr'><strong>est</strong></span> <span class='ocrx_word' id='word_1_233' title='bbox 1301 2717 1333 2775; x_wconf 91' lang='lat' dir='ltr'><strong>et</strong></span> <span class='ocrx_word' id='word_1_234' title='bbox 1355 2733 1413 2775; x_wconf 90' lang='lat' dir='ltr'><strong>nec</strong></span> <span class='ocrx_word' id='word_1_235' title='bbox 1435 2709 1495 2774; x_wconf 89' lang='lat' dir='ltr'><strong>iste</strong></span> 
     </span>
     <span class='ocr_line' id='line_1_25' title="bbox 267 2805 1495 2898; baseline 0 -21"><span class='ocrx_word' id='word_1_236' title='bbox 267 2811 402 2897; x_wconf 91' lang='lat' dir='ltr'><strong>reliquid</strong></span> <span class='ocrx_word' id='word_1_237' title='bbox 425 2829 543 2876; x_wconf 84' lang='lat' dir='ltr'><strong>semen.</strong></span> <span class='ocrx_word' id='word_1_238' title='bbox 556 2809 584 2848; x_wconf 68' lang='lat'><strong>¹2</strong></span> <span class='ocrx_word' id='word_1_239' title='bbox 595 2817 627 2875; x_wconf 91' lang='lat' dir='ltr'><strong>et</strong></span> <span class='ocrx_word' id='word_1_240' title='bbox 649 2809 795 2876; x_wconf 88' lang='lat' dir='ltr'><strong>similiter</strong></span> <span class='ocrx_word' id='word_1_241' title='bbox 817 2812 1010 2898; x_wconf 87' lang='lat' dir='ltr'><strong>adceperunt</strong></span> <span class='ocrx_word' id='word_1_242' title='bbox 1039 2805 1108 2878; x_wconf 87' lang='lat' dir='ltr'><strong>eam</strong></span> <span class='ocrx_word' id='word_1_243' title='bbox 1136 2818 1256 2898; x_wconf 89' lang='lat' dir='ltr'><strong>septem</strong></span> <span class='ocrx_word' id='word_1_244' title='bbox 1291 2821 1323 2877; x_wconf 91' lang='lat' dir='ltr'><strong>et</strong></span> <span class='ocrx_word' id='word_1_245' title='bbox 1354 2836 1418 2878; x_wconf 92' lang='lat' dir='ltr'><strong>non</strong></span> <span class='ocrx_word' id='word_1_246' title='bbox 1451 2835 1495 2877; x_wconf 89' lang='lat' dir='ltr'><strong>re·</strong></span> 
     </span>
     <span class='ocr_line' id='line_1_26' title="bbox 267 2913 1495 2999; baseline 0.002 -21"><span class='ocrx_word' id='word_1_247' title='bbox 267 2913 430 2998; x_wconf 90' lang='lat' dir='ltr'><strong>liquerunt</strong></span> <span class='ocrx_word' id='word_1_248' title='bbox 450 2935 569 2980; x_wconf 87' lang='lat' dir='ltr'><strong>semen.</strong></span> <span class='ocrx_word' id='word_1_249' title='bbox 592 2921 701 2999; x_wconf 90' lang='lat' dir='ltr'><strong>postea</strong></span> <span class='ocrx_word' id='word_1_250' title='bbox 727 2919 759 2979; x_wconf 90' lang='lat' dir='ltr'><strong>et</strong></span> <span class='ocrx_word' id='word_1_251' title='bbox 788 2913 903 2978; x_wconf 88' lang='lat' dir='ltr'><strong>mulier</strong></span> <span class='ocrx_word' id='word_1_252' title='bbox 935 2921 1061 2979; x_wconf 90' lang='lat' dir='ltr'><strong>mortua</strong></span> <span class='ocrx_word' id='word_1_253' title='bbox 1089 2922 1145 2980; x_wconf 88' lang='lat' dir='ltr'><strong>est.</strong></span> <span class='ocrx_word' id='word_1_254' title='bbox 1161 2913 1187 2952; x_wconf 74' lang='lat'><strong>²³</strong></span> <span class='ocrx_word' id='word_1_255' title='bbox 1198 2915 1232 2979; x_wconf 93' lang='lat' dir='ltr'><strong>in</strong></span> <span class='ocrx_word' id='word_1_256' title='bbox 1266 2915 1495 2981; x_wconf 89' lang='lat' dir='ltr'><strong>resurrectione</strong></span> 
     </span>
     <span class='ocr_line' id='line_1_27' title="bbox 267 3011 1502 3104; baseline -0.002 -22"><span class='ocrx_word' id='word_1_257' title='bbox 267 3040 341 3102; x_wconf 90' lang='lat' dir='ltr'><strong>ergo</strong></span> <span class='ocrx_word' id='word_1_258' title='bbox 364 3039 435 3081; x_wconf 91' lang='lat' dir='ltr'><strong>cum</strong></span> <span class='ocrx_word' id='word_1_259' title='bbox 457 3015 689 3081; x_wconf 85' lang='lat' dir='ltr'><strong>resurrexerint</strong></span> <span class='ocrx_word' id='word_1_260' title='bbox 711 3016 762 3080; x_wconf 92' lang='lat' dir='ltr'><strong>cui</strong></span> <span class='ocrx_word' id='word_1_261' title='bbox 785 3011 893 3081; x_wconf 81' lang='lat' dir='ltr'><strong>eorum</strong></span> <span class='ocrx_word' id='word_1_262' title='bbox 917 3017 1057 3082; x_wconf 89' lang='lat' dir='ltr'><strong>manebit</strong></span> <span class='ocrx_word' id='word_1_263' title='bbox 1078 3041 1160 3083; x_wconf 91' lang='lat' dir='ltr'><strong>uxor</strong></span> <span class='ocrx_word' id='word_1_264' title='bbox 1181 3025 1303 3104; x_wconf 90' lang='lat' dir='ltr'><strong>septem</strong></span> <span class='ocrx_word' id='word_1_265' title='bbox 1325 3017 1411 3082; x_wconf 87' lang='lat' dir='ltr'><strong>enirn</strong></span> <span class='ocrx_word' id='word_1_266' title='bbox 1442 3018 1502 3081; x_wconf 90' lang='lat' dir='ltr'><strong>ha·-</strong></span> 
     </span>
     <span class='ocr_line' id='line_1_28' title="bbox 266 3117 1501 3206; baseline -0.001 -21"><span class='ocrx_word' id='word_1_267' title='bbox 266 3121 402 3185; x_wconf 88' lang='lat' dir='ltr'><strong>buerunt</strong></span> <span class='ocrx_word' id='word_1_268' title='bbox 423 3118 510 3183; x_wconf 90' lang='lat' dir='ltr'><strong>illam</strong></span> <span class='ocrx_word' id='word_1_269' title='bbox 533 3142 673 3184; x_wconf 89' lang='lat' dir='ltr'><strong>uxorem.</strong></span> <span class='ocrx_word' id='word_1_270' title='bbox 720 3117 747 3156; x_wconf 82' lang='lat'><strong>²⁴</strong></span> <span class='ocrx_word' id='word_1_271' title='bbox 791 3119 844 3184; x_wconf 84' lang='lat' dir='ltr'><strong>Ad</strong></span> <span class='ocrx_word' id='word_1_272' title='bbox 867 3142 945 3204; x_wconf 92' lang='lat' dir='ltr'><strong>quos</strong></span> <span class='ocrx_word' id='word_1_273' title='bbox 967 3118 1130 3206; x_wconf 90' lang='lat' dir='ltr'><strong>respondit</strong></span> <span class='ocrx_word' id='word_1_274' title='bbox 1151 3119 1203 3185; x_wconf 83' lang='lat' dir='ltr'><strong>ihs</strong></span> <span class='ocrx_word' id='word_1_275' title='bbox 1226 3119 1308 3185; x_wconf 91' lang='lat' dir='ltr'><strong>dixit</strong></span> <span class='ocrx_word' id='word_1_276' title='bbox 1336 3143 1399 3185; x_wconf 92' lang='lat' dir='ltr'><strong>non</strong></span> <span class='ocrx_word' id='word_1_277' title='bbox 1422 3119 1501 3184; x_wconf 89' lang='lat' dir='ltr'><strong>ideo</strong></span> 
     </span>
     <span class='ocr_line' id='line_1_29' title="bbox 267 3219 1495 3308; baseline -0.001 -21"><span class='ocrx_word' id='word_1_278' title='bbox 267 3221 377 3287; x_wconf 91' lang='lat' dir='ltr'><strong>erratis</strong></span> <span class='ocrx_word' id='word_1_279' title='bbox 399 3244 462 3285; x_wconf 92' lang='lat' dir='ltr'><strong>non</strong></span> <span class='ocrx_word' id='word_1_280' title='bbox 486 3219 698 3306; x_wconf 84' lang='lat' dir='ltr'><strong>intelligentes</strong></span> <span class='ocrx_word' id='word_1_281' title='bbox 727 3221 897 3307; x_wconf 87' lang='lat' dir='ltr'><strong>scripturas</strong></span> <span class='ocrx_word' id='word_1_282' title='bbox 930 3244 1034 3308; x_wconf 90' lang='lat' dir='ltr'><strong>neque</strong></span> <span class='ocrx_word' id='word_1_283' title='bbox 1067 3223 1219 3288; x_wconf 89' lang='lat' dir='ltr'><strong>uirtutem</strong></span> <span class='ocrx_word' id='word_1_284' title='bbox 1253 3223 1294 3288; x_wconf 89' lang='lat' dir='ltr'><strong>di.</strong></span> <span class='ocrx_word' id='word_1_285' title='bbox 1341 3221 1368 3261; x_wconf 76' lang='lat'><strong>²⁵</strong></span> <span class='ocrx_word' id='word_1_286' title='bbox 1412 3221 1495 3288; x_wconf 82' lang='lat' dir='ltr'><strong>Oum</strong></span> 
     </span>
     <span class='ocr_line' id='line_1_30' title="bbox 266 3323 1495 3409; baseline 0.003 -22"><span class='ocrx_word' id='word_1_287' title='bbox 266 3323 351 3388; x_wconf 84' lang='lat' dir='ltr'><strong>enim</strong></span> <span class='ocrx_word' id='word_1_288' title='bbox 374 3347 392 3387; x_wconf 91' lang='lat' dir='ltr'><strong>a</strong></span> <span class='ocrx_word' id='word_1_289' title='bbox 415 3323 546 3388; x_wconf 86' lang='lat' dir='ltr'><strong>mortuis</strong></span> <span class='ocrx_word' id='word_1_290' title='bbox 569 3324 800 3388; x_wconf 82' lang='lat' dir='ltr'><strong>resurrexerint</strong></span> <span class='ocrx_word' id='word_1_291' title='bbox 823 3347 926 3408; x_wconf 90' lang='lat' dir='ltr'><strong>neque</strong></span> <span class='ocrx_word' id='word_1_292' title='bbox 951 3326 1077 3389; x_wconf 92' lang='lat' dir='ltr'><strong>nubunt</strong></span> <span class='ocrx_word' id='word_1_293' title='bbox 1109 3347 1213 3409; x_wconf 91' lang='lat' dir='ltr'><strong>neque</strong></span> <span class='ocrx_word' id='word_1_294' title='bbox 1243 3326 1407 3391; x_wconf 89' lang='lat' dir='ltr'><strong>nubuntur</strong></span> <span class='ocrx_word' id='word_1_295' title='bbox 1440 3327 1495 3392; x_wconf 88' lang='lat' dir='ltr'><strong>sed</strong></span> 
     </span>
     <span class='ocr_line' id='line_1_31' title="bbox 266 3424 1494 3514; baseline 0.002 -23"><span class='ocrx_word' id='word_1_296' title='bbox 266 3432 359 3491; x_wconf 87' lang='lat' dir='ltr'><strong>erunt</strong></span> <span class='ocrx_word' id='word_1_297' title='bbox 381 3425 462 3491; x_wconf 92' lang='lat' dir='ltr'><strong>sicut</strong></span> <span class='ocrx_word' id='word_1_298' title='bbox 484 3425 589 3510; x_wconf 86' lang='lat' dir='ltr'><strong>angeli</strong></span> <span class='ocrx_word' id='word_1_299' title='bbox 610 3425 645 3489; x_wconf 90' lang='lat' dir='ltr'><strong>in</strong></span> <span class='ocrx_word' id='word_1_300' title='bbox 667 3425 771 3490; x_wconf 91' lang='lat' dir='ltr'><strong>caelis.</strong></span> <span class='ocrx_word' id='word_1_301' title='bbox 818 3424 845 3464; x_wconf 77' lang='lat'><strong>²⁶</strong></span> <span class='ocrx_word' id='word_1_302' title='bbox 889 3427 940 3491; x_wconf 93' lang='lat' dir='ltr'><strong>De</strong></span> <span class='ocrx_word' id='word_1_303' title='bbox 973 3426 1106 3492; x_wconf 89' lang='lat' dir='ltr'><strong>mortuis</strong></span> <span class='ocrx_word' id='word_1_304' title='bbox 1138 3435 1244 3492; x_wconf 93' lang='lat' dir='ltr'><strong>autem</strong></span> <span class='ocrx_word' id='word_1_305' title='bbox 1279 3428 1362 3514; x_wconf 90' lang='lat' dir='ltr'><strong>quod</strong></span> <span class='ocrx_word' id='word_1_306' title='bbox 1396 3451 1494 3494; x_wconf 88' lang='lat' dir='ltr'><strong>resur·</strong></span> 
     </span>
     <span class='ocr_line' id='line_1_32' title="bbox 265 3527 1500 3614; baseline 0.002 -20"><span class='ocrx_word' id='word_1_307' title='bbox 265 3537 342 3613; x_wconf 88' lang='lat' dir='ltr'><strong>gent</strong></span> <span class='ocrx_word' id='word_1_308' title='bbox 363 3551 426 3593; x_wconf 92' lang='lat' dir='ltr'><strong>non</strong></span> <span class='ocrx_word' id='word_1_309' title='bbox 449 3527 571 3612; x_wconf 86' lang='lat' dir='ltr'><strong>legistis</strong></span> <span class='ocrx_word' id='word_1_310' title='bbox 594 3527 627 3592; x_wconf 92' lang='lat' dir='ltr'><strong>in</strong></span> <span class='ocrx_word' id='word_1_311' title='bbox 649 3527 729 3592; x_wconf 92' lang='lat' dir='ltr'><strong>libro</strong></span> <span class='ocrx_word' id='word_1_312' title='bbox 752 3527 854 3614; x_wconf 89' lang='lat' dir='ltr'><strong>moysi</strong></span> <span class='ocrx_word' id='word_1_313' title='bbox 877 3527 911 3593; x_wconf 90' lang='lat' dir='ltr'><strong>in</strong></span> <span class='ocrx_word' id='word_1_314' title='bbox 933 3530 1012 3594; x_wconf 91' lang='lat' dir='ltr'><strong>rubo</strong></span> <span class='ocrx_word' id='word_1_315' title='bbox 1039 3530 1194 3613; x_wconf 92' lang='lat' dir='ltr'><strong>quomodo</strong></span> <span class='ocrx_word' id='word_1_316' title='bbox 1226 3530 1343 3595; x_wconf 89' lang='lat' dir='ltr'><strong>dixerit</strong></span> <span class='ocrx_word' id='word_1_317' title='bbox 1376 3530 1424 3596; x_wconf 93' lang='lat' dir='ltr'><strong>illi</strong></span> <span class='ocrx_word' id='word_1_318' title='bbox 1456 3533 1500 3596; x_wconf 50' lang='lat' dir='ltr'><strong>ds&lt;</strong></span> 
     </span>
     <span class='ocr_line' id='line_1_33' title="bbox 266 3629 1500 3715; baseline 0.002 -19"><span class='ocrx_word' id='word_1_319' title='bbox 266 3629 373 3696; x_wconf 90' lang='lat' dir='ltr'><strong>dicens</strong></span> <span class='ocrx_word' id='word_1_320' title='bbox 397 3653 454 3715; x_wconf 87' lang='lat' dir='ltr'><strong>ego</strong></span> <span class='ocrx_word' id='word_1_321' title='bbox 477 3653 546 3695; x_wconf 89' lang='lat' dir='ltr'><strong>sum</strong></span> <span class='ocrx_word' id='word_1_322' title='bbox 570 3630 607 3694; x_wconf 82' lang='lat' dir='ltr'><strong>ds</strong></span> <span class='ocrx_word' id='word_1_323' title='bbox 629 3630 778 3695; x_wconf 87' lang='lat' dir='ltr'><strong>abraham</strong></span> <span class='ocrx_word' id='word_1_324' title='bbox 802 3637 834 3696; x_wconf 92' lang='lat' dir='ltr'><strong>et</strong></span> <span class='ocrx_word' id='word_1_325' title='bbox 856 3631 894 3696; x_wconf 84' lang='lat' dir='ltr'><strong>ds</strong></span> <span class='ocrx_word' id='word_1_326' title='bbox 916 3630 980 3697; x_wconf 89' lang='lat' dir='ltr'><strong>isao</strong></span> <span class='ocrx_word' id='word_1_327' title='bbox 1006 3639 1038 3696; x_wconf 88' lang='lat' dir='ltr'><strong>et</strong></span> <span class='ocrx_word' id='word_1_328' title='bbox 1070 3632 1108 3696; x_wconf 84' lang='lat' dir='ltr'><strong>ds</strong></span> <span class='ocrx_word' id='word_1_329' title='bbox 1140 3632 1230 3698; x_wconf 86' lang='lat' dir='ltr'><strong>iacob</strong></span> <span class='ocrx_word' id='word_1_330' title='bbox 1240 3632 1267 3671; x_wconf 78' lang='lat'><strong>²⁷</strong></span> <span class='ocrx_word' id='word_1_331' title='bbox 1279 3657 1343 3699; x_wconf 91' lang='lat' dir='ltr'><strong>non</strong></span> <span class='ocrx_word' id='word_1_332' title='bbox 1377 3640 1425 3700; x_wconf 90' lang='lat' dir='ltr'><strong>est</strong></span> <span class='ocrx_word' id='word_1_333' title='bbox 1456 3635 1500 3698; x_wconf 79' lang='lat' dir='ltr'><strong>ds</strong></span> 
     </span>
     <span class='ocr_line' id='line_1_34' title="bbox 265 3732 1494 3803; baseline 0.003 -6"><span class='ocrx_word' id='word_1_334' title='bbox 265 3738 461 3798; x_wconf 90' lang='lat' dir='ltr'><strong>mortuorum</strong></span> <span class='ocrx_word' id='word_1_335' title='bbox 485 3733 539 3796; x_wconf 86' lang='lat' dir='ltr'><strong>sed</strong></span> <span class='ocrx_word' id='word_1_336' title='bbox 562 3732 719 3797; x_wconf 87' lang='lat' dir='ltr'><strong>uiuorum.</strong></span> <span class='ocrx_word' id='word_1_337' title='bbox 764 3733 830 3798; x_wconf 91' lang='lat' dir='ltr'><strong>Uos</strong></span> <span class='ocrx_word' id='word_1_338' title='bbox 852 3757 929 3798; x_wconf 88' lang='lat' dir='ltr'><strong>uero</strong></span> <span class='ocrx_word' id='word_1_339' title='bbox 953 3737 1089 3801; x_wconf 91' lang='lat' dir='ltr'><strong>multum</strong></span> <span class='ocrx_word' id='word_1_340' title='bbox 1113 3735 1233 3803; x_wconf 87' lang='lat' dir='ltr'><strong>erratis.</strong></span> <span class='ocrx_word' id='word_1_341' title='bbox 1288 3734 1315 3773; x_wconf 80' lang='lat'><strong>²⁸</strong></span> <span class='ocrx_word' id='word_1_342' title='bbox 1369 3737 1414 3802; x_wconf 81' lang='lat' dir='ltr'><strong>Ilt</strong></span> <span class='ocrx_word' id='word_1_343' title='bbox 1444 3737 1494 3802; x_wconf 92' lang='lat' dir='ltr'><strong>ad-</strong></span> 
     </span>
     <span class='ocr_line' id='line_1_35' title="bbox 265 3834 1719 3921; baseline 0.003 -21"><span class='ocrx_word' id='word_1_344' title='bbox 265 3835 379 3901; x_wconf 86' lang='lat' dir='ltr'><strong>cedens</strong></span> <span class='ocrx_word' id='word_1_345' title='bbox 401 3858 484 3899; x_wconf 86' lang='lat' dir='ltr'><strong>unus</strong></span> <span class='ocrx_word' id='word_1_346' title='bbox 507 3835 545 3899; x_wconf 92' lang='lat' dir='ltr'><strong>de</strong></span> <span class='ocrx_word' id='word_1_347' title='bbox 568 3834 678 3900; x_wconf 87' lang='lat' dir='ltr'><strong>scribis</strong></span> <span class='ocrx_word' id='word_1_348' title='bbox 701 3835 756 3920; x_wconf 93' lang='lat' dir='ltr'><strong>qui</strong></span> <span class='ocrx_word' id='word_1_349' title='bbox 781 3835 926 3903; x_wconf 90' lang='lat' dir='ltr'><strong>audierat</strong></span> <span class='ocrx_word' id='word_1_350' title='bbox 959 3837 1029 3901; x_wconf 87' lang='lat' dir='ltr'><strong>illos</strong></span> <span class='ocrx_word' id='word_1_351' title='bbox 1063 3838 1284 3921; x_wconf 91' lang='lat' dir='ltr'><strong>conquirentes</strong></span> <span class='ocrx_word' id='word_1_352' title='bbox 1317 3844 1349 3905; x_wconf 90' lang='lat' dir='ltr'><strong>et</strong></span> <span class='ocrx_word' id='word_1_353' title='bbox 1380 3839 1497 3906; x_wconf 89' lang='lat' dir='ltr'><strong>uidens</strong></span> <span class='ocrx_word' id='word_1_354' title='bbox 1713 3873 1719 3904; x_wconf 78' lang='lat'>2</span> 
     </span>
     <span class='ocr_line' id='line_1_36' title="bbox 265 3935 1494 4026; baseline 0.006 -26"><span class='ocrx_word' id='word_1_355' title='bbox 265 3936 413 4022; x_wconf 88' lang='lat' dir='ltr'><strong>quoniam</strong></span> <span class='ocrx_word' id='word_1_356' title='bbox 437 3939 515 4001; x_wconf 88' lang='lat' dir='ltr'><strong>bene</strong></span> <span class='ocrx_word' id='word_1_357' title='bbox 538 3935 601 4002; x_wconf 91' lang='lat' dir='ltr'><strong>illis</strong></span> <span class='ocrx_word' id='word_1_358' title='bbox 623 3937 817 4023; x_wconf 86' lang='lat' dir='ltr'><strong>responderit</strong></span> <span class='ocrx_word' id='word_1_359' title='bbox 844 3938 1053 4024; x_wconf 89' lang='lat' dir='ltr'><strong>interrogauit</strong></span> <span class='ocrx_word' id='word_1_360' title='bbox 1081 3940 1170 4005; x_wconf 90' lang='lat' dir='ltr'><strong>illum</strong></span> <span class='ocrx_word' id='word_1_361' title='bbox 1203 3941 1310 4006; x_wconf 89' lang='lat' dir='ltr'><strong>dicens</strong></span> <span class='ocrx_word' id='word_1_362' title='bbox 1345 3942 1494 4026; x_wconf 85' lang='lat' dir='ltr'><strong>magister</strong></span> 
     </span>
     <span class='ocr_line' id='line_1_37' title="bbox 265 4038 1493 4128; baseline 0.006 -26"><span class='ocrx_word' id='word_1_363' title='bbox 265 4038 348 4123; x_wconf 92' lang='lat' dir='ltr'><strong>quod</strong></span> <span class='ocrx_word' id='word_1_364' title='bbox 371 4047 417 4104; x_wconf 88' lang='lat' dir='ltr'><strong>est</strong></span> <span class='ocrx_word' id='word_1_365' title='bbox 440 4049 623 4125; x_wconf 84' lang='lat' dir='ltr'><strong>preceptum</strong></span> <span class='ocrx_word' id='word_1_366' title='bbox 647 4039 761 4126; x_wconf 83' lang='lat' dir='ltr'><strong>primu.</strong></span> <span class='ocrx_word' id='word_1_367' title='bbox 808 4039 835 4076; x_wconf 72' lang='lat'><strong>²⁰</strong></span> <span class='ocrx_word' id='word_1_368' title='bbox 879 4042 1088 4128; x_wconf 86' lang='lat' dir='ltr'><strong>Respondens</strong></span> <span class='ocrx_word' id='word_1_369' title='bbox 1113 4050 1220 4108; x_wconf 89' lang='lat' dir='ltr'><strong>autem</strong></span> <span class='ocrx_word' id='word_1_370' title='bbox 1254 4045 1306 4109; x_wconf 84' lang='lat' dir='ltr'><strong>ihs</strong></span> <span class='ocrx_word' id='word_1_371' title='bbox 1339 4044 1421 4110; x_wconf 87' lang='lat' dir='ltr'><strong>dixit</strong></span> <span class='ocrx_word' id='word_1_372' title='bbox 1454 4046 1493 4110; x_wconf 90' lang='lat' dir='ltr'><strong>ad</strong></span> 
     </span>
     <span class='ocr_line' id='line_1_38' title="bbox 265 4140 1501 4226; baseline 0.008 -22"><span class='ocrx_word' id='word_1_373' title='bbox 265 4164 337 4205; x_wconf 89' lang='lat' dir='ltr'><strong>eum</strong></span> <span class='ocrx_word' id='word_1_374' title='bbox 360 4141 501 4226; x_wconf 85' lang='lat' dir='ltr'><strong>omniurn</strong></span> <span class='ocrx_word' id='word_1_375' title='bbox 524 4140 661 4226; x_wconf 87' lang='lat' dir='ltr'><strong>primum</strong></span> <span class='ocrx_word' id='word_1_376' title='bbox 685 4144 868 4208; x_wconf 88' lang='lat' dir='ltr'><strong>mandatum</strong></span> <span class='ocrx_word' id='word_1_377' title='bbox 891 4146 952 4210; x_wconf 89' lang='lat' dir='ltr'><strong>hoc</strong></span> <span class='ocrx_word' id='word_1_378' title='bbox 974 4154 1022 4211; x_wconf 88' lang='lat' dir='ltr'><strong>est</strong></span> <span class='ocrx_word' id='word_1_379' title='bbox 1051 4145 1125 4210; x_wconf 92' lang='lat' dir='ltr'><strong>audi</strong></span> <span class='ocrx_word' id='word_1_380' title='bbox 1154 4147 1284 4212; x_wconf 87' lang='lat' dir='ltr'><strong>istrahel</strong></span> <span class='ocrx_word' id='word_1_381' title='bbox 1318 4148 1355 4212; x_wconf 73' lang='lat' dir='ltr'><strong>ds</strong></span> <span class='ocrx_word' id='word_1_382' title='bbox 1389 4155 1501 4214; x_wconf 79' lang='lat' dir='ltr'><strong>noster·</strong></span> 
     </span>
     <span class='ocr_line' id='line_1_39' title="bbox 265 4242 1494 4330; baseline 0.009 -24"><span class='ocrx_word' id='word_1_383' title='bbox 265 4243 333 4307; x_wconf 78' lang='lat' dir='ltr'><strong>dms</strong></span> <span class='ocrx_word' id='word_1_384' title='bbox 356 4266 438 4308; x_wconf 91' lang='lat' dir='ltr'><strong>unus</strong></span> <span class='ocrx_word' id='word_1_385' title='bbox 461 4252 517 4309; x_wconf 86' lang='lat' dir='ltr'><strong>est.</strong></span> <span class='ocrx_word' id='word_1_386' title='bbox 563 4242 590 4281; x_wconf 80' lang='lat'><strong>³⁰</strong></span> <span class='ocrx_word' id='word_1_387' title='bbox 633 4245 677 4309; x_wconf 81' lang='lat' dir='ltr'><strong>Et</strong></span> <span class='ocrx_word' id='word_1_388' title='bbox 697 4245 809 4330; x_wconf 82' lang='lat' dir='ltr'><strong>diliges</strong></span> <span class='ocrx_word' id='word_1_389' title='bbox 832 4247 903 4312; x_wconf 82' lang='lat' dir='ltr'><strong>dofr‘r</strong></span> <span class='ocrx_word' id='word_1_390' title='bbox 927 4248 978 4311; x_wconf 74' lang='lat' dir='ltr'><strong>dffr</strong></span> <span class='ocrx_word' id='word_1_391' title='bbox 1001 4249 1059 4313; x_wconf 84' lang='lat' dir='ltr'><strong>tu1&#39;1</strong></span> <span class='ocrx_word' id='word_1_392' title='bbox 1082 4271 1123 4313; x_wconf 91' lang='lat' dir='ltr'><strong>ex</strong></span> <span class='ocrx_word' id='word_1_393' title='bbox 1147 4255 1214 4314; x_wconf 92' lang='lat' dir='ltr'><strong>toto</strong></span> <span class='ocrx_word' id='word_1_394' title='bbox 1248 4250 1340 4314; x_wconf 91' lang='lat' dir='ltr'><strong>corde</strong></span> <span class='ocrx_word' id='word_1_395' title='bbox 1373 4259 1428 4316; x_wconf 92' lang='lat' dir='ltr'><strong>tuo</strong></span> <span class='ocrx_word' id='word_1_396' title='bbox 1462 4257 1494 4317; x_wconf 92' lang='lat' dir='ltr'><strong>et</strong></span> 
     </span>
     <span class='ocr_line' id='line_1_40' title="bbox 265 4344 1493 4433; baseline 0.007 -23"><span class='ocrx_word' id='word_1_397' title='bbox 265 4369 304 4410; x_wconf 86' lang='lat' dir='ltr'><strong>ex</strong></span> <span class='ocrx_word' id='word_1_398' title='bbox 327 4351 392 4424; x_wconf 88' lang='lat' dir='ltr'><strong>tota</strong></span> <span class='ocrx_word' id='word_1_399' title='bbox 415 4344 552 4409; x_wconf 89' lang='lat' dir='ltr'><strong>animam</strong></span> <span class='ocrx_word' id='word_1_400' title='bbox 576 4355 662 4411; x_wconf 91' lang='lat' dir='ltr'><strong>tuam</strong></span> <span class='ocrx_word' id='word_1_401' title='bbox 674 4353 709 4425; x_wconf 82' lang='lat' dir='ltr'><strong>(l)</strong></span> <span class='ocrx_word' id='word_1_402' title='bbox 732 4358 764 4414; x_wconf 89' lang='lat' dir='ltr'><strong>et</strong></span> <span class='ocrx_word' id='word_1_403' title='bbox 787 4373 824 4414; x_wconf 90' lang='lat' dir='ltr'><strong>ex</strong></span> <span class='ocrx_word' id='word_1_404' title='bbox 846 4350 921 4414; x_wconf 88' lang='lat' dir='ltr'><strong>totis</strong></span> <span class='ocrx_word' id='word_1_405' title='bbox 944 4350 1067 4416; x_wconf 90' lang='lat' dir='ltr'><strong>uiribus</strong></span> <span class='ocrx_word' id='word_1_406' title='bbox 1089 4352 1154 4417; x_wconf 89' lang='lat' dir='ltr'><strong>tuis</strong></span> <span class='ocrx_word' id='word_1_407' title='bbox 1167 4355 1204 4433; x_wconf 85' lang='lat' dir='ltr'><strong>(l)</strong></span> <span class='ocrx_word' id='word_1_408' title='bbox 1226 4358 1259 4417; x_wconf 89' lang='lat' dir='ltr'><strong>et</strong></span> <span class='ocrx_word' id='word_1_409' title='bbox 1281 4376 1322 4416; x_wconf 86' lang='lat' dir='ltr'><strong>ex</strong></span> <span class='ocrx_word' id='word_1_410' title='bbox 1343 4360 1410 4418; x_wconf 89' lang='lat' dir='ltr'><strong>tota</strong></span> <span class='ocrx_word' id='word_1_411' title='bbox 1433 4354 1493 4418; x_wconf 91' lang='lat' dir='ltr'><strong>uir-</strong></span> 
     </span>
     <span class='ocr_line' id='line_1_41' title="bbox 264 4449 1498 4536; baseline 0.006 -22"><span class='ocrx_word' id='word_1_412' title='bbox 264 4455 331 4514; x_wconf 91' lang='lat' dir='ltr'><strong>tute</strong></span> <span class='ocrx_word' id='word_1_413' title='bbox 354 4455 417 4512; x_wconf 90' lang='lat' dir='ltr'><strong>tua.</strong></span> <span class='ocrx_word' id='word_1_414' title='bbox 463 4449 535 4513; x_wconf 90' lang='lat' dir='ltr'><strong>Hoc</strong></span> <span class='ocrx_word' id='word_1_415' title='bbox 567 4458 614 4515; x_wconf 90' lang='lat' dir='ltr'><strong>est</strong></span> <span class='ocrx_word' id='word_1_416' title='bbox 646 4456 782 4536; x_wconf 89' lang='lat' dir='ltr'><strong>primum</strong></span> <span class='ocrx_word' id='word_1_417' title='bbox 820 4452 991 4516; x_wconf 74' lang='lat' dir='ltr'><strong>madatum.</strong></span> <span class='ocrx_word' id='word_1_418' title='bbox 1006 4450 1215 4519; x_wconf 75' lang='lat' dir='ltr'><strong>³1secundum</strong></span> <span class='ocrx_word' id='word_1_419' title='bbox 1249 4462 1354 4520; x_wconf 91' lang='lat' dir='ltr'><strong>autem</strong></span> <span class='ocrx_word' id='word_1_420' title='bbox 1387 4457 1498 4522; x_wconf 90' lang='lat' dir='ltr'><strong>simile·</strong></span> 
     </span>
     <span class='ocr_line' id='line_1_42' title="bbox 265 4549 1492 4644; baseline 0.009 -30"><span class='ocrx_word' id='word_1_421' title='bbox 265 4558 313 4614; x_wconf 89' lang='lat' dir='ltr'><strong>est</strong></span> <span class='ocrx_word' id='word_1_422' title='bbox 334 4549 409 4617; x_wconf 90' lang='lat' dir='ltr'><strong>huic</strong></span> <span class='ocrx_word' id='word_1_423' title='bbox 432 4549 536 4636; x_wconf 88' lang='lat' dir='ltr'><strong>diligis</strong></span> <span class='ocrx_word' id='word_1_424' title='bbox 559 4551 739 4638; x_wconf 88' lang='lat' dir='ltr'><strong>proximum</strong></span> <span class='ocrx_word' id='word_1_425' title='bbox 761 4561 851 4619; x_wconf 91' lang='lat' dir='ltr'><strong>tuum</strong></span> <span class='ocrx_word' id='word_1_426' title='bbox 876 4555 957 4620; x_wconf 91' lang='lat' dir='ltr'><strong>sieut</strong></span> <span class='ocrx_word' id='word_1_427' title='bbox 979 4556 1124 4642; x_wconf 91' lang='lat' dir='ltr'><strong>teipsum.</strong></span> <span class='ocrx_word' id='word_1_428' title='bbox 1171 4557 1274 4623; x_wconf 89' lang='lat' dir='ltr'><strong>Maius</strong></span> <span class='ocrx_word' id='word_1_429' title='bbox 1297 4560 1410 4623; x_wconf 90' lang='lat' dir='ltr'><strong>horum</strong></span> <span class='ocrx_word' id='word_1_430' title='bbox 1424 4582 1492 4644; x_wconf 89' lang='lat' dir='ltr'><strong>pre·</strong></span> 
     </span>
     <span class='ocr_line' id='line_1_43' title="bbox 265 4652 1499 4746; baseline 0.007 -31"><span class='ocrx_word' id='word_1_431' title='bbox 265 4661 424 4736; x_wconf 91' lang='lat' dir='ltr'><strong>ceptorum</strong></span> <span class='ocrx_word' id='word_1_432' title='bbox 448 4652 535 4718; x_wconf 91' lang='lat' dir='ltr'><strong>aliud</strong></span> <span class='ocrx_word' id='word_1_433' title='bbox 558 4677 621 4719; x_wconf 92' lang='lat' dir='ltr'><strong>non</strong></span> <span class='ocrx_word' id='word_1_434' title='bbox 644 4664 701 4722; x_wconf 86' lang='lat' dir='ltr'><strong>est.</strong></span> <span class='ocrx_word' id='word_1_435' title='bbox 739 4655 765 4693; x_wconf 75' lang='lat'><strong>³²</strong></span> <span class='ocrx_word' id='word_1_436' title='bbox 808 4657 853 4722; x_wconf 81' lang='lat' dir='ltr'><strong>Et</strong></span> <span class='ocrx_word' id='word_1_437' title='bbox 875 4657 919 4723; x_wconf 91' lang='lat' dir='ltr'><strong>ait</strong></span> <span class='ocrx_word' id='word_1_438' title='bbox 933 4658 983 4722; x_wconf 92' lang='lat' dir='ltr'><strong>illi</strong></span> <span class='ocrx_word' id='word_1_439' title='bbox 997 4657 1107 4724; x_wconf 87' lang='lat' dir='ltr'><strong>scriba.</strong></span> <span class='ocrx_word' id='word_1_440' title='bbox 1123 4659 1204 4726; x_wconf 90' lang='lat' dir='ltr'><strong>bene</strong></span> <span class='ocrx_word' id='word_1_441' title='bbox 1219 4660 1329 4727; x_wconf 90' lang='lat' dir='ltr'><strong>dixisti</strong></span> <span class='ocrx_word' id='word_1_442' title='bbox 1344 4660 1499 4746; x_wconf 87' lang='lat' dir='ltr'><strong>magister</strong></span> 
     </span>
    </p>
   </div>
   <div class='ocr_carea' id='block_1_3' title="bbox 0 0 1738 5192">
    <p class='ocr_par' dir='ltr' id='par_1_5' title="bbox 0 0 1738 5192">
     <span class='ocr_line' id='line_1_44' title="bbox 0 0 1738 5192; baseline 0 1"><span class='ocrx_word' id='word_1_443' title='bbox 0 0 1738 5192; x_wconf 95' lang='lat' dir='ltr'><strong> </strong></span> 
     </span>
    </p>
   </div>
  </div>
 </body>
</html>
