3467 5192
691 257 831 308 matteum
848 256 886 323 (o.
905 255 960 321 18).
1402 258 1442 322 19

214 430 418 490 monumenta
439 424 605 491 iustorum.
630 423 658 462 ³⁰
683 426 727 491 Et
757 424 861 492 dicitis
895 424 971 511 quia
1002 425 1030 490 si
1062 423 1232 491 fuissemus
1264 425 1297 490 in
1331 425 1442 493 diebus

213 532 339 612 patrum
361 531 537 593 nostrorum
560 551 624 592 non
647 551 786 593 essemus
808 527 885 593 aooii
907 527 1047 614 ipsorum
1069 529 1104 592 in
1126 527 1280 613 sanguine
1306 529 1441 616 profeta·

214 652 294 694 rum.
329 627 355 665 11
388 629 503 715 Itaque
524 629 743 696 testimonium
766 629 914 696 reddistis
935 630 1026 696 uobis
1047 629 1123 716 quia
1144 630 1203 695 filii
1231 654 1340 696 eorum
1367 631 1443 698 estis

215 731 270 816 qui
291 730 428 818 profetas
450 731 715 798 99911191111111191
738 756 794 798 uos
817 732 937 819 inplete
959 756 1139 798 mensuram
1168 739 1295 820 patrum
1322 740 1442 802 uestro·

214 832 332 899 11111111
344 841 504 922 serpentes
525 836 686 920 generatio
721 836 903 922 uiperarum
936 835 1091 921 quomodo
1120 835 1277 921 effugietis
1310 860 1329 902 a
1361 836 1441 902 iudi·

215 936 299 1002 oium
321 938 492 1023 gehennae.
518 936 545 975 11
566 938 644 1004 Ideo
666 961 739 1005 ecoe
762 961 820 1024 ego
841 937 935 1003 mitto
957 938 997 1003 ad
1018 961 1076 1004 uos
1106 939 1275 1025 prophetas
1305 947 1338 1004 et
1363 940 1443 1027 sapi-

215 1047 304 1106 entes
326 1046 357 1106 et
379 1039 496 1106 scribas
519 1047 551 1106 et
573 1064 613 1106 ex
635 1040 699 1107 illis
722 1039 872 1108 oooidetis
894 1046 927 1105 et
957 1039 1146 1125 crucifigetis
1179 1046 1211 1106 et
1243 1041 1442 1127 flagellabitis

214 1141 247 1207 in
270 1141 437 1228 synagogis
460 1148 491 1208 et
513 1137 746 1229 persequemini
770 1145 809 1208 de
832 1143 963 1209 ciuitate
985 1143 1018 1207 in
1041 1141 1255 1210 oiuitate³⁶et
1270 1143 1441 1211 1911111911-

214 1267 270 1331 per
292 1268 348 1310 uos
370 1244 472 1311 omnis
495 1246 622 1331 sanguis
644 1245 746 1313 iustus
769 1245 824 1331 qui
847 1245 1021 1311 effunditur
1050 1268 1144 1331 super
1169 1252 1284 1312 terram
1318 1271 1338 1312 a
1369 1271 1439 1313 san·

214 1345 310 1432 guine
332 1349 403 1413 abel
425 1346 501 1414 iusti
524 1371 623 1434 usque
646 1350 686 1414 ad
708 1348 863 1434 sanguine
886 1347 1050 1414 zachariae
1070 1347 1130 1412 filii
1151 1350 1318 1417 barachiae
1346 1374 1440 1436 quem

214 1449 372 1516 oooidistis
393 1450 478 1515 inter
500 1452 654 1538 templum
677 1457 709 1518 et
726 1451 810 1517 inter
832 1453 940 1518 altare.
959 1450 987 1488 11
1004 1474 1097 1516 amen
1116 1449 1186 1516 dioo
1205 1451 1294 1517 uobis
1311 1452 1442 1520 uenient

213 1553 294 1619 haoo
315 1551 422 1619 omnia
444 1577 538 1639 super
559 1555 794 1639 generationem
817 1553 919 1621 istam.

299 1657 446 1725 LXVII.
471 1655 498 1694 11
520 1656 723 1723 Hierusalem
745 1656 935 1723 hierusalem
959 1681 1040 1742 quae
1066 1657 1181 1724 oooidis
1209 1659 1379 1745 prophetas
1410 1665 1443 1725 et

214 1757 334 1845 lapidas
356 1783 410 1825 eos
432 1759 487 1845 qui
510 1759 549 1824 ad
571 1766 602 1824 te
625 1759 714 1825 missi
736 1765 810 1825 sunt
839 1760 985 1846 quotiens
1019 1760 1105 1826 uolui
1139 1783 1329 1846 congregare
1360 1762 1442 1830 filios

214 1866 286 1928 tuos
309 1862 573 1947 quemadmodum
594 1861 713 1946 gallina
736 1885 928 1948 oongregans
950 1862 1053 1950 pullos
1074 1886 1147 1929 suos
1169 1865 1227 1929 sub
1249 1864 1308 1929 alis
1329 1864 1443 1931 suiset

215 1965 270 2030 sed
291 1963 421 2030 noluisti
433 1962 460 2002 ³⁸
472 1985 545 2030 eoae
567 1964 757 2050 relinquitur
785 1965 877 2031 uobis
903 1966 1015 2031 domus
1048 1971 1154 2032 uestra
1186 1966 1309 2037 deserta
1323 1965 1438 2050 ³⁹dioo

215 2074 321 2134 autem
344 2067 434 2133 uobis
456 2067 532 2152 quia
555 2091 617 2133 non
639 2091 691 2133 me
713 2067 863 2133 uidebitis
884 2069 996 2134 amodo
1024 2069 1124 2136 donee
1143 2068 1263 2135 dicatis.
1295 2070 1441 2136 benedie-

214 2177 266 2237 tus
289 2169 343 2256 qui
365 2169 456 2236 uenit
477 2169 512 2234 in
533 2169 662 2236 nomine
684 2170 758 2236 dmi.

299 2273 465 2342 LXVIII.
490 2276 526 2354 (o.
552 2274 605 2355 24)
629 2273 640 2308 ¹
663 2274 707 2339 Et
729 2296 873 2359 egressus
894 2275 946 2337 ihs
968 2275 1007 2338 de
1030 2273 1147 2360 templo
1169 2274 1238 2342 ibat
1258 2281 1291 2341 et
1306 2276 1442 2342 adcesse-

214 2383 290 2443 runt
311 2374 457 2462 disoipnli
480 2375 548 2441 eius
570 2381 607 2441 ut
628 2376 830 2442 ostenderent
851 2376 882 2440 ei
897 2382 1087 2444 stuuobrram
1109 2377 1228 2463 templi.
1260 2376 1273 2414 1
1302 2378 1376 2464 Ipse
1388 2403 1441 2444 au·

214 2486 280 2546 tem
301 2479 491 2565 respondens
514 2478 596 2544 dixit
616 2478 688 2544 illis.
713 2478 833 2544 uidetis
855 2480 933 2545 haee
946 2479 1061 2550 omnia.
1085 2502 1176 2544 amen
1189 2480 1258 2545 dioo
1274 2480 1364 2547 uobis
1379 2504 1442 2546 non

214 2581 410 2668 relinquetur
431 2581 485 2647 bio
507 2581 586 2668 lapis
607 2604 702 2668 super
724 2581 859 2668 lapidem
883 2581 939 2668 qui
961 2606 1024 2647 non
1047 2583 1234 2648 destruatur.
1259 2582 1271 2620 1
1303 2583 1443 2650 Sedente

215 2691 321 2752 autem
342 2685 411 2771 ipse
433 2689 687 2770 supermontem
709 2684 818 2750 oliueti
841 2691 1040 2751 aooesserunt
1060 2685 1099 2750 ad
1123 2709 1197 2751 oum
1225 2684 1372 2772 disoipnli
1394 2705 1441 2750 se·

215 2795 300 2854 oreto
322 2787 473 2853 dieentes.
498 2786 548 2851 dio
570 2787 658 2853 nobis
682 2787 807 2872 quando
830 2788 908 2854 haeo
931 2793 1031 2852 erunt.
1066 2788 1111 2854 nt
1132 2789 1216 2874 qnod
1238 2787 1365 2873 signum
1387 2787 1441 2853 ad·

215 2897 331 2956 uentus
352 2889 400 2956 tui
423 2895 455 2955 et
476 2889 761 2955 consummationes
773 2889 900 2958 saeculi.
923 2889 939 2926 ⁴
967 2891 1010 2955 Et
1021 2890 1275 2975 respondensihfi
1287 2890 1369 2956 dixit
1381 2889 1443 2954 illis

215 2993 324 3059 uidete
338 2992 462 3079 nequis
480 3016 536 3059 uos
554 2993 683 3058 seduoat
700 2998 762 3058 ullo
775 2993 867 3058 modo
879 2992 893 3032 ⁶
905 2992 996 3058 multi
1013 2992 1098 3057 enim
1117 2991 1247 3057 uenient
1264 2992 1297 3056 in
1313 2991 1443 3057 nomine

215 3121 284 3162 meo
299 3094 589 3181 dieentesegosum
601 3100 672 3181 xps.
696 3101 727 3161 et
748 3101 863 3161 multos
885 3096 1046 3161 seduoent.
1070 3094 1083 3132 1
1111 3093 1306 3160 Audientem
1318 3097 1354 3175 (l)
1374 3117 1443 3180 pre-

215 3200 258 3265 lia
279 3205 311 3266 et
332 3198 496 3286 opiniones
518 3198 707 3283 proeliorum
729 3197 837 3264 uidete
860 3196 1092 3263 neturbemini.
1125 3202 1248 3284 oportet
1279 3197 1331 3262 eni
1365 3197 1444 3262 haeo

215 3301 285 3367 fieri
306 3302 362 3367 sed
382 3300 522 3366 nondum
546 3305 594 3366 est
614 3299 694 3366 finis.
722 3300 906 3386 ⁷Insurget
928 3300 1013 3365 enim
1035 3323 1112 3384 gens
1135 3305 1244 3366 eontra
1268 3304 1396 3385 gentem
1412 3305 1445 3364 et

216 3427 348 3489 regnum
371 3409 479 3470 eontra
500 3426 632 3488 regnum
655 3409 687 3468 et
709 3408 803 3468 erunt
824 3402 925 3468 fames
948 3409 980 3469 at
1004 3407 1088 3469 terre
1116 3408 1221 3469 motus
1253 3426 1310 3490 per
1341 3399 1445 3468 looa⁸

215 3508 294 3572 haee
315 3514 422 3572 autem
445 3505 551 3570 omnia
573 3504 666 3570 initia
687 3514 762 3571 sunt
784 3506 934 3571 dolorum.
960 3503 973 3542 ⁹
995 3506 1088 3573 Tune
1110 3506 1236 3571 tradent
1259 3527 1316 3570 uos
1338 3503 1371 3569 in
1386 3503 1443 3570 tri·

218 3608 408 3675 bulationem
431 3614 464 3673 et
485 3607 629 3674 oooident
650 3630 706 3673 uos
729 3613 761 3673 et
783 3607 872 3674 eritis
895 3608 966 3673 odio
988 3607 1134 3673 omnibus
1156 3608 1303 3693 gentibus
1317 3612 1445 3693 propter

217 3735 332 3778 nomen
353 3735 466 3778 meum.
495 3709 521 3748 ¹⁰
542 3712 587 3776 Et
608 3717 683 3776 tuno
706 3709 981 3777 scandalizabatur
1002 3709 1095 3776 multi
1124 3716 1156 3776 et
1183 3709 1290 3775 inuioe
1320 3709 1446 3775 tradent

217 3821 249 3881 et
271 3814 343 3881 odio
364 3814 526 3880 habebunt
547 3812 695 3878 inuicem.
731 3811 757 3848 11
797 3814 842 3879 Et
871 3813 962 3878 multi
987 3813 1259 3899 pseudoprophete
1280 3812 1446 3897 insurgent

217 3924 249 3983 et
271 3918 422 3984 seducent
452 3922 574 3982 multos.
594 3913 620 3951 11
643 3922 675 3980 91
704 3915 853 4001 quoniam
887 3914 1061 3981 abundauit
1086 3913 1240 4000 iniquitas
1272 3914 1447 4000 refrigisoet

218 4019 331 4086 oaritas
357 4024 536 4085 multorum.
572 4016 598 4055 11
632 4016 697 4102 Qui
724 4024 831 4084 autem
858 4018 1067 4104 permanserit
1095 4017 1249 4103 usquead
1275 4019 1370 4083 finem
1393 4016 1446 4082 hio

217 4129 323 4188 saluus
346 4122 414 4188 erit.
440 4121 468 4159 ¹⁴
489 4123 534 4186 Et
559 4121 781 4208 praedioabitur
803 4122 862 4186 hoo
890 4120 1090 4205 euangelium
1116 4119 1205 4205 regni
1232 4119 1267 4184 in
1296 4119 1446 4185 uniuerso

217 4227 290 4291 orbe
314 4225 347 4289 in
369 4225 585 4291 testimonium
608 4222 755 4289 omnibus
777 4222 933 4309 gentibus.
958 4229 990 4288 et
1018 4230 1094 4288 tuno
1124 4221 1232 4287 ueniet
1249 4245 1445 4288 eonsumma-

217 4327 271 4394 tio.
297 4326 323 4366 ¹⁶
346 4325 429 4392 Oum
451 4350 525 4412 ergo
547 4325 692 4393 uideritis
715 4324 981 4392 abominationem
1003 4323 1204 4390 desolationis
1227 4324 1311 4409 quod
1326 4322 1446 4390 diotum

218 4437 265 4496 est
287 4430 440 4496 adaniele
452 4429 606 4516 propbeta
624 4435 709 4495 stans
729 4427 763 4492 in
780 4434 847 4494 loeo
867 4432 928 4493 sod.
951 4427 1007 4512 qni
1025 4427 1100 4513 legit
1117 4425 1281 4510 intelligat.
1306 4425 1333 4465 ¹⁶
1355 4427 1447 4492 Tune

218 4531 275 4618 qui
297 4532 333 4597 in
354 4531 449 4598 iudea
470 4538 545 4599 sunt
566 4530 692 4618 fugiant
713 4530 753 4596 ad
774 4530 935 4597 montibus
947 4530 974 4569 11
990 4536 1022 4597 et
1054 4531 1109 4616 qui
1131 4529 1166 4594 in
1192 4536 1274 4595 teoto
1302 4554 1367 4595 non
1392 4529 1445 4594 de·

218 4635 372 4702 soendant
393 4640 502 4701 tollere
527 4632 648 4720 aliquid
671 4632 710 4698 de
733 4634 824 4700 domo
847 4637 936 4712 [sua.
954 4631 1031 4698 1191
1058 4631 1113 4718 qui
1139 4631 1174 4697 in
1192 4655 1265 4719 egro
1283 4639 1358 4698 sunt
1383 4654 1454 4699 non.

1259 4733 1292 4789 2‘
