3467 5192
683 241 836 292 iohannem
857 241 893 306 (c.
912 243 951 306 8).
1388 248 1431 310 43

200 413 331 478 616666
353 399 445 477 initio
469 418 500 477 66
522 411 556 476 16
578 413 713 509 ueritate
736 417 776 474 nd
802 412 890 478 stetit
913 412 989 496 quia
1011 436 1075 477 non
1098 419 1146 479 est
1167 413 1286 479 ueritas
1301 415 1334 479 in
1348 440 1429 480 eum.

200 539 273 580 oum
296 514 438 598 loquitur
460 513 628 579 mendacit'l
652 537 691 578 ex
714 513 847 599 propriis
871 515 1012 598 loquitur
1034 513 1110 599 quia
1131 517 1270 581 mendax
1288 525 1336 582 est
1350 518 1432 583 sicut

201 625 291 704 pater
314 615 390 682 6166.
404 614 433 654 45
446 639 504 700 636
526 615 602 700 quia
624 615 792 681 ueritatem
816 615 885 682 dico
908 639 972 681 non
995 617 1123 683 creditis
1150 619 1362 703 161111556616
1391 644 1432 685 ex

201 719 292 785 uobis
314 725 426 804 arguet
447 742 497 782 me
520 718 558 782 de
581 724 717 804 peccato.
742 719 769 782 si
794 718 961 783 ueritatem
984 719 1054 784 dico
1076 720 1166 784 uobis
1183 744 1280 805 quare
1296 747 1353 788 uos
1369 747 1431 788 non

202 820 331 888 creditis
354 820 443 885 mihi.
487 819 515 858 ⁴⁷
559 818 625 903 Qui
648 844 688 884 ex
710 821 750 884 dd
773 827 821 885 est
836 822 933 885 uerba
955 821 988 886 di
1007 823 1104 887 audit.
1127 832 1293 908 propterea
1308 847 1365 889 uos
1381 849 1432 889 me

201 948 265 990 uon
288 921 405 989 auditis
429 923 484 1008 qui
507 946 570 986 non
594 922 668 988 66616
692 947 732 986 ex
754 923 803 987 do.
849 921 878 960 ⁴⁸
915 924 1160 1010 Responderunt
1174 925 1280 989 iudaei
1297 935 1328 990 et
1344 926 1430 992 dixe·

203 1033 278 1091 runt
301 1027 339 1092 ei.
363 1049 468 1090 nonne
490 1026 571 1091 bene
593 1024 728 1090 dicimus
749 1049 807 1091 nos
829 1025 905 1110 quia
927 1026 1135 1091 samaritanus
1158 1050 1191 1091 es
1214 1037 1249 1092 tu
1267 1037 1299 1092 et
1329 1029 1433 1093 demo-

202 1128 291 1194 nium
313 1128 419 1192 habes.
464 1125 493 1164 ⁴⁹
537 1127 713 1213 Respondit
737 1127 797 1191 ihs.
822 1152 879 1213 ego
902 1129 1083 1194 demonium
1106 1152 1169 1193 non
1191 1131 1360 1195 habecsed
1376 1132 1430 1196 ho·

203 1229 331 1297 norifico
353 1237 474 1316 patrem
498 1253 604 1294 meum
628 1237 659 1294 et
681 1253 738 1295 uos
761 1229 958 1297 inhonoratis
981 1255 1040 1295 me.
1086 1230 1114 1269 ⁵⁰
1156 1233 1226 1317 Ego
1246 1240 1352 1297 autem
1369 1257 1431 1298 non

202 1355 301 1418 quero
335 1332 509 1398 claritatem
544 1356 647 1396 meam
684 1337 731 1398 cst
763 1333 819 1417 qui
851 1341 982 1418 quaerat
1015 1341 1047 1398 et
1080 1333 1206 1399 iudicet.
1252 1333 1279 1373 ⁶¹
1324 1335 1432 1400 Amen

204 1458 296 1500 amen
320 1434 390 1500 dico
414 1434 513 1499 uobis
545 1433 572 1497 si
602 1437 672 1518 quis
705 1441 849 1500 sermone
879 1459 984 1500 meum
1007 1436 1191 1502 6616666116
1215 1460 1279 1502 non
1310 1437 1433 1503 uidebit

203 1543 304 1602 morte
327 1537 361 1602 in
390 1543 564 1602 aeternum.
611 1535 638 1575 ⁶²
681 1537 846 1603 Dixerunt
872 1561 945 1624 6136
974 1539 1089 1603 iudaei.
1120 1562 1205 1604 nunc
1227 1539 1431 1623 cognouimus

203 1639 278 1724 quia
300 1639 481 1704 demonium
505 1639 609 1704 habes.
656 1640 804 1704 abraham
833 1646 975 1705 mortuus
1003 1647 1051 1705 est
1084 1648 1115 1706 et
1148 1643 1300 1727 prophete
1332 1649 1364 1706 66
1395 1647 1432 1706 66

201 1743 280 1809 dicis
302 1741 329 1807 si
352 1741 423 1826 quis
446 1765 623 1806 sermonem
646 1764 752 1806 meum
775 1742 948 1807 serbaberit
971 1766 1034 1807 non
1056 1743 1196 1828 gustabit
1222 1751 1354 1808 mortem
1388 1744 1431 1826 [in

201 1845 387 1926 6666166161.
434 1842 460 1880 ⁵³
505 1843 670 1928 Numquid
693 1851 729 1908 tu
751 1843 851 1908 maior
872 1868 906 1909 es
929 1867 1025 1928 quarn
1048 1847 1197 1910 abraham
1220 1846 1276 1930 qui
1292 1856 1431 1911 mortuus

202 1945 1015 2033 66666616611666616616616666.6661116616611
1047 1946 1133 2013 facis.
1179 1947 1207 1986 ⁵4
1257 1949 1433 2034 Respondit

202 2049 254 2114 ihs
277 2048 304 2113 si
327 2073 383 2134 636
406 2049 619 2113 clarificauero
645 2049 821 2134 meipsum
845 2050 971 2114 claritas
993 2073 1064 2114 mea
1085 2049 1166 2114 nihil
1190 2059 1245 2116 est.
1279 2059 1327 2116 est
1343 2058 1433 2136 pater

158 2225 160 2228 Α
201 2175 290 2218 meus
314 2151 368 2236 qui
392 2150 531 2216 carificat
552 2175 603 2215 me
627 2174 721 2235 quern
744 2175 803 2216 uos
826 2151 935 2217 dicitis
950 2153 1033 2246 ⁸quia
1055 2153 1133 2218 deus
1154 2166 1260 2218 uester
1282 2160 1338 2216 est.
1357 2151 1385 2191 55
1400 2163 1432 2218 66

201 2253 478 2338 66666366616616
502 2276 574 2317 eum
598 2277 655 2338 636
679 2261 786 2318 autem
808 2253 885 2318 noui
909 2279 980 2320 eum
1006 2255 1098 2336 [6661
1127 2254 1236 2319 dixero
1265 2255 1339 2339 6616
1369 2279 1431 2320 non

202 2357 265 2422 scio
289 2358 372 2439 eum]
399 2380 451 2420 ero
474 2355 589 2421 similis
613 2356 702 2420 uobis
725 2358 850 2422 medax.
874 2357 928 2420 6611
951 2356 1014 2422 6616
1038 2381 1109 2421 eum
1125 2365 1157 2422 et
1172 2381 1346 2422 sermonem
1363 2357 1431 2421 eius

199 2483 302 2524 seruo.
315 2457 502 2523 ⁵⁶ab1·aham
525 2466 615 2543 pater
638 2466 743 2522 uester
766 2459 925 2523 exultauit
947 2465 983 2523 ut
1004 2457 1128 2523 uideret
1150 2459 1233 2524 diem
1247 2483 1361 2522 meum.
1386 2459 1431 2522 ui·

201 2561 248 2626 dit
270 2569 302 2625 ct
323 2561 451 2644 gauisus
476 2569 534 2626 666.
580 2557 606 2597 ⁵⁷
655 2561 818 2626 Dixerunt
847 2585 921 2646 6136
955 2561 1062 2626 iudaei
1095 2561 1135 2625 ad
1167 2587 1239 2625 eum
1275 2562 1429 2646 quinqua-

200 2666 289 2749 ginta
312 2683 410 2728 annos
433 2663 573 2727 nondum
595 2664 693 2728 habes
716 2673 747 2728 66
770 2664 920 2728 abraham
943 2663 1062 2728 uidisti.
1108 2661 1136 2702 ⁶⁸
1178 2665 1274 2728 Dixit
1303 2663 1430 2728 6161116.

201 2790 292 2831 amen
317 2789 408 2830 amen
432 2763 501 2830 dico
523 2765 613 2831 uobis
636 2776 709 2830 ante
733 2767 882 2830 abraham
905 2790 962 2851 ego
985 2792 1064 2831 sum.
1115 2764 1142 2802 ⁵⁹
1185 2766 1343 2831 Tulerunt
1359 2789 1433 2851 6136

200 2869 320 2954 lapides
344 2876 379 2933 66
401 2867 541 2933 iacerent
562 2867 596 2932 in
626 2868 725 2934 illum.
754 2870 804 2932 ihs
832 2877 938 2934 autem
962 2869 1124 2935 abscondit
1157 2893 1189 2934 se
1225 2875 1257 2934 et
1290 2868 1357 2933 exit
1391 2870 1430 2933 de

200 2970 326 3056 templo.

285 3070 422 3136 XVIII.
448 3075 484 3152 (c.
509 3075 543 3146 9)
589 3071 600 3106 ¹
646 3073 689 3136 1116
711 3071 906 3158 praeteriens
928 3073 980 3137 ihs
1002 3073 1085 3139 uidit
1113 3074 1272 3139 hominem
1300 3096 1429 3138 caecum

201 3174 419 3239 anatiuitate.
465 3173 477 3210 ²
521 3175 566 3239 Et
587 3173 864 3258 interrogauerunt
894 3200 965 3240 eum
997 3175 1144 3261 discipuli
1174 3176 1241 3240 6166
1277 3175 1428 3240 dicentes.

201 3276 290 3342 rabbi
312 3277 383 3361 quis
405 3276 550 3362 peccauit
571 3275 623 3341 hic
646 3282 700 3340 aut
721 3284 867 3363 parentes
895 3279 963 3342 6166
993 3287 1030 3342 66
1061 3302 1151 3342 66666
1182 3287 1371 3343 nasceretur.
1418 3276 1431 3313 ³

203 3377 381 3464 Respondit
404 3379 464 3442 ihs.
489 3402 594 3463 neque
616 3378 669 3444 hic
691 3379 837 3464 peccauit
858 3403 963 3463 neque
985 3388 1132 3466 parentes
1154 3381 1222 3444 eius
1244 3381 1298 3445 sed
1321 3388 1431 3444 utma-

201 3479 421 3562 nifcstetn)tur
442 3505 537 3566 opera
559 3481 590 3545 (11
614 3481 646 3545 16
669 3469 822 3546 11164166
846 3488 969 3567 oportet
998 3482 1121 3568 operari
1153 3506 1248 3568 opera
1278 3480 1347 3546 6166
1376 3481 1431 3565 661

202 3583 289 3648 misit
310 3607 360 3648 me
383 3583 482 3648 donec
505 3583 572 3648 dics
595 3593 643 3648 666
670 3582 760 3648 661116
789 3607 852 3648 nox
883 3585 1008 3668 quando
1030 3608 1093 3648 non
1116 3592 1218 3669 potest
1240 3583 1371 3669 operari.
1418 3582 1431 3621 5

202 3685 292 3751 (16111-
308 3685 340 3749 111
364 3686 424 3751 1166
446 3686 564 3751 mundo
586 3709 656 3750 sum
689 3687 746 3749 lux
781 3710 854 3751 sum
884 3686 979 3750 huius
1013 3687 1132 3751 mundi.
1178 3685 1191 3722 ⁶
1235 3687 1325 3749 Haec
1359 3708 1431 3748 curn

202 3788 336 3854 dixisset
358 3787 469 3874 expuit
492 3788 524 3852 in
548 3795 663 3853 terram
687 3795 718 3854 et
740 3788 816 3856 fecit
842 3789 946 3853 lutum
979 3812 1020 3852 ex
1053 3796 1145 3872 sputo
1179 3797 1211 3851 et
1244 3787 1433 3873 superunxit

202 3916 273 3957 eum
296 3891 363 3954 luto
386 3913 479 3976 super
501 3891 607 3956 oculos
630 3890 767 3957 eius⁷et
790 3890 873 3956 dixit
895 3890 933 3954 ei.
959 3892 1039 3954 uade
1061 3890 1134 3954 lana
1153 3889 1185 3952 in
1214 3889 1371 3953 natatoria
1400 3893 1431 3950 in

200 3993 278 4058 siloe
301 3994 385 4077 quod
407 3993 634 4078 interpretatur
656 3992 778 4058 missus.
826 3993 869 4057 Et
891 3991 969 4056 abiit
991 4001 1023 4055 et
1047 3991 1126 4056 lauit
1149 4002 1181 4055 66
1205 3991 1293 4055 66616
1309 3991 1430 4054 uidens.

202 4093 215 4131 5
257 4093 366 4160 Uicini
390 4117 462 4178 6136
486 4095 554 4160 6166
570 4095 625 4180 661
637 4102 791 4160 nouerant
805 4119 877 4160 eum
888 4096 1010 4180 primus
1022 4117 1117 4178 quam
1127 4096 1163 4172 (1)
1187 4093 1350 4156 mendicus
1367 4102 1433 4156 erat

202 4197 357 4263 dicebant.
381 4220 487 4262 nonne
509 4198 562 4262 hic
585 4203 632 4262 est
655 4197 710 4280 661
733 4197 862 4262 sedebat
885 4202 917 4261 66
940 4196 1139 4261 mendicabat
1150 4195 1205 4258 alii
1222 4196 1366 4259 dicebant
1381 4195 1433 4258 hic

202 4308 257 4364 est.
273 4297 340 4363 9ali
364 4305 469 4364 autem
493 4299 640 4364 dicebant
670 4299 891 4385 [nequaquam]
915 4297 970 4362 sed
992 4297 1105 4361 similis
1129 4302 1176 4362 666
1198 4296 1238 4361 61.
1282 4297 1343 4359 1116
1377 4319 1431 4358 au·

200 4387 275 4468 tem·
286 4400 418 4467 dicebat.
439 4425 496 4484 636
508 4425 587 4466 sum.
635 4400 662 4438 ¹⁰
705 4401 843 4466 Dicebat
855 4423 928 4485 6136
940 4399 969 4465 61
982 4399 1137 4485 quomodo
1153 4422 1225 4483 6136
1242 4398 1341 4482 aperti
1359 4407 1433 4461 sunt

202 4503 260 4569 tibi
276 4503 370 4568 oculi.
416 4501 441 4539 ¹¹
485 4503 664 4589 Respondit
686 4503 748 4568 ille.
774 4504 867 4568 homo
890 4503 946 4588 qui
969 4501 1084 4566 dicitur
1106 4501 1157 4564 ihs
1180 4501 1282 4564 lutum
1306 4499 1381 4563 fecit
1402 4505 1433 4563 et

202 4605 296 4672 unxit
329 4630 379 4671 me
413 4613 445 4671 et
477 4603 559 4670 dixit
584 4607 661 4669 mihi
696 4605 777 4670 uade
801 4605 834 4668 in
860 4603 1040 4686 [natatoria]
1072 4603 1182 4669 siloam
1216 4612 1248 4666 66
1279 4603 1352 4666 laua
1382 4624 1432 4666 oc·
