3467 5192
701 241 854 292 iohannem
884 240 921 305 (c.
942 239 978 306 6).
1409 243 1452 308 39

222 411 290 496 Qui
312 411 480 476 manducat
501 412 585 475 hunc
608 433 722 496 panem
756 409 846 475 uiuet
880 410 913 475 in
946 418 1121 476 aeternum.
1143 409 1170 448 ⁶⁰
1190 412 1269 477 haec
1301 412 1385 478 dixit
1417 413 1451 477 in

222 537 382 600 synagoga
403 513 517 579 docens
539 512 574 577 in
597 513 842 598 chapharnaum.

309 614 412 680 XIII.
459 615 483 654 ⁶¹
529 615 624 681 Multi
647 639 720 699 ergo
751 615 916 682 audientes
946 640 985 681 ex
1013 615 1176 702 discipulis
1206 616 1274 681 eius
1294 615 1452 683 dixerunt.

225 719 321 783 durus
344 729 392 783 est
413 719 465 783 hic
488 741 588 784 sermo
612 724 644 782 et
666 719 737 803 quis
760 726 863 804 potest
885 741 958 782 eum
985 717 1104 782 audire.
1146 717 1172 756 ⁶²
1213 717 1372 803 Cognouit
1401 743 1454 783 au·

224 831 287 886 tem
312 820 364 884 ihs
390 821 473 906 apud
505 819 709 906 semetipsum
743 820 819 905 quia
852 827 1085 886 murmurarent
1120 821 1168 903 [de
1200 822 1268 903 hoc]
1304 819 1454 906 discipuli

224 925 293 988 eius
315 923 397 988 dixit
419 922 464 988 eis
487 925 547 988 hoc
569 947 625 988 uos
648 923 848 989 scandalizat.
862 921 977 1007 ⁶³quid
993 923 1087 1008 [ergo]
1106 947 1177 988 cum
1193 922 1337 988 uideritis
1350 923 1453 989 filium

221 1025 362 1090 hominis
384 1026 604 1091 ascendentem
628 1026 690 1100 ubi,
707 1033 775 1090 erat
796 1026 894 1112 prius.
917 1024 944 1062 ⁶⁴
961 1030 1015 1111 sps
1038 1032 1085 1090 est
1118 1025 1173 1110 qui
1203 1024 1347 1090 uiuificat
1379 1050 1453 1091 nam

221 1151 296 1192 caro
318 1152 381 1192 non
408 1128 534 1213 prodest
557 1128 739 1214 quidquam.
763 1129 860 1193 uerba
882 1151 963 1213 quae
986 1151 1044 1212 ego
1066 1129 1189 1193 locutus
1212 1151 1282 1192 sum
1294 1127 1384 1192 uobis
1399 1133 1454 1214 sps

223 1238 258 1296 et
279 1229 347 1294 uita
370 1241 426 1295 est.
441 1228 467 1267 ⁶³
479 1231 534 1295 sed
556 1238 630 1296 sunt
653 1255 692 1294 ex
715 1231 806 1295 uobis
828 1230 956 1314 quidam
980 1230 1122 1315 quinon
1145 1230 1284 1294 credunt.
1324 1229 1454 1296 Sciebat

222 1333 310 1396 enim
337 1333 385 1414 [ab
408 1332 511 1411 initio]
535 1333 586 1397 ihs
610 1333 664 1418 qui
687 1341 792 1398 essent
819 1356 883 1396 non
914 1333 1077 1398 credentes
1111 1341 1143 1399 et
1176 1331 1247 1416 quis
1280 1332 1453 1398 traditurus

223 1446 307 1500 esset
329 1459 412 1500 eum.
426 1435 496 1500 6‘⁵et
518 1435 641 1501 dicebat
663 1445 829 1522 propterea
851 1434 918 1499 dixi
941 1435 1033 1521 uobis
1055 1435 1130 1520 quia
1152 1459 1244 1500 nemo
1274 1442 1377 1516 petest
1398 1458 1452 1500 ue·

223 1537 294 1602 nire
317 1538 366 1620 [ad
389 1539 450 1620 me]
474 1537 534 1602 nisi
561 1538 670 1603 datum
691 1537 740 1602 illi
769 1536 866 1602 fuerit
891 1537 1055 1602 desursum
1076 1544 1204 1623 apatre.
1251 1536 1277 1576 ⁶²
1320 1539 1373 1602 Ex
1394 1539 1454 1602 hoc

225 1639 319 1705 multi
342 1635 567 1726 discipuldrum
591 1639 660 1704 eius
683 1639 829 1705 abierunt
850 1648 934 1704 retro
966 1648 998 1704 et
1027 1639 1163 1726 amplius
1196 1663 1268 1704 cum
1302 1641 1357 1704 illo
1391 1663 1454 1704 non

225 1743 439 1807 ambulabant.
486 1740 512 1779 ⁶⁸
556 1741 651 1807 Dixit
673 1765 746 1826 ergo
768 1741 821 1806 ihs
846 1742 886 1806 ad
915 1742 1079 1807 duodecim
1109 1741 1272 1828 discipulis
1299 1741 1453 1826 numquid

223 1852 258 1910 et
278 1868 335 1908 uos
357 1844 455 1909 uultis
479 1844 572 1909 abire.
610 1842 636 1882 ⁶⁹
669 1843 847 1929 Respondit
869 1844 899 1907 ei
921 1843 1024 1908 simon
1047 1852 1157 1930 petrus
1176 1851 1208 1909 et
1226 1845 1317 1910 dixit.
1337 1845 1400 1908 dr're
1415 1844 1455 1908 ad
1495 1861 1497 1864 ·

225 1969 320 2031 quern
344 1947 470 2012 iuimus.
496 1949 593 2012 uerba
615 1947 701 2014 uitae
724 1953 870 2012 aeternae
894 1946 926 2010 di
948 1947 1046 2011 habes
1059 1945 1129 2012 '⁰et
1155 1970 1213 2012 nos
1236 1946 1394 2012 credimus
1423 1953 1456 2012 et

223 2049 431 2132 cognouimus
455 2049 530 2134 quia
552 2057 587 2114 tu
610 2073 642 2114 es
669 2053 730 2135 xps
756 2049 840 2113 filius
869 2050 902 2114 di
923 2048 1003 2113 uiui.
1051 2048 1075 2087 ⁷¹
1121 2051 1164 2114 nt
1192 2050 1354 2135 respondit
1374 2049 1456 2114 dixit

226 2151 291 2216 illis
314 2153 375 2215 ihs.
399 2175 504 2216 nonne
527 2175 584 2236 ego
607 2176 663 2216 uos
687 2151 850 2217 duodecim
876 2151 955 2235 elegi
980 2157 1012 2216 et
1034 2176 1074 2216 ex
1097 2151 1186 2217 uobis
1213 2175 1294 2216 unus
1313 2152 1456 2216 diabolus

223 2265 281 2320 est.
298 2253 323 2292 ⁷²
335 2253 458 2320 dicebat
481 2260 587 2319 autern
610 2255 648 2318 de
672 2254 802 2320 Simone
825 2253 915 2318 iudas
939 2252 1150 2320 carioth-hic
1175 2254 1260 2319 enim
1284 2253 1456 2339 incipiebat

222 2357 349 2422 tradere
372 2381 444 2422 eum
468 2379 550 2420 unus
574 2381 645 2422 cum
669 2363 752 2421 esset
775 2381 814 2422 ex
837 2356 1011 2422 duodecim.

310 2460 409 2526 XIV.
455 2461 494 2539 (c.
519 2461 552 2535 7)
599 2457 609 2494 ¹
654 2461 732 2524 Post
754 2460 832 2524 haec
854 2464 961 2523 autern
977 2459 1157 2524 ambulabat
1172 2457 1224 2522 ihs
1240 2458 1273 2522 in
1288 2458 1455 2542 galilaeam

224 2585 289 2626 non
312 2561 396 2626 enim
417 2560 576 2626 habebant
597 2567 785 2647 potestatem
808 2561 841 2625 in
863 2560 1010 2626 iudaeam
1033 2561 1216 2626 ambulandi
1237 2561 1313 2646 quia
1344 2583 1454 2644 quere·

225 2665 302 2729 bant
324 2687 394 2728 eurn
418 2662 524 2728 iudaei
546 2665 731 2729 interficere.
746 2662 837 2728 2θτθῖ
859 2670 966 2727 autem
988 2663 1023 2727 in
1045 2664 1188 2749 proximo
1208 2663 1274 2729 dies
1290 2662 1389 2728 festus
1412 2663 1457 2728 iu·

222 2766 375 2830 daeorum
398 2765 611 2851 scenopegiae.
627 2765 802 2831 ³dixerunt
824 2771 930 2829 autem
955 2752 992 2829 ad
1017 2789 1090 2830 eum
1112 2765 1225 2831 fratres
1244 2766 1322 2831 eius.
1357 2766 1456 2831 transi

226 2867 301 2932 hinc
324 2876 356 2932 et
377 2868 458 2933 uade
481 2867 515 2932 in
538 2867 653 2932 iudaea
675 2875 710 2933 ut
733 2875 764 2933 et
786 2867 933 2953 discipuli
957 2867 1003 2934 tui
1026 2868 1157 2932 uideant
1178 2892 1273 2954 opera
1297 2893 1378 2954 quae
1408 2866 1454 2933 fa·

224 2969 401 3035 ois⁴nemo
425 2970 578 3055 quidiem]
601 2969 678 3034 facit
699 2970 732 3033 in
757 2969 879 3036 occulto
891 2970 968 3054 quid
984 2969 1060 3036 facit
1079 2971 1203 3054 quaerit
1218 2971 1285 3056 ipse
1306 2971 1340 3034 in
1352 2971 1456 3056 palam

177 3085 181 3088 ’
223 3095 295 3138 θεεθ
318 3072 344 3137 si
367 3073 446 3138 haec
478 3071 555 3137 facis
588 3071 754 3137 manifeste
788 3072 924 3158 teipsum
958 3071 1031 3135 huic
1066 3074 1192 3136 mundo.
1208 3072 1335 3157 ⁵neque
1369 3071 1455 3136 enim

226 3180 303 3239 tunc
324 3172 436 3238 fratres
459 3174 527 3240 eius
551 3175 719 3239 credebant
748 3174 781 3238 in
816 3198 897 3239 eum.
919 3173 1027 3238 6dicit
1061 3197 1134 3258 ergo
1156 3174 1203 3239 eis
1235 3173 1296 3239 ihs,
1331 3163 1473 3259 tempus*

227 3301 334 3342 meum
357 3277 497 3341 nondum
520 3276 650 3342 aduenit
672 3282 797 3363 tempus
819 3283 927 3342 autem
951 3281 1091 3340 uestrum
1115 3282 1207 3362 seper
1230 3283 1277 3342 est
1298 3282 1453 3362 paratum.

227 3378 312 3443 “non
335 3387 438 3464 potest
460 3380 595 3444 mundus
618 3379 705 3444 odire
720 3403 777 3444 uos
802 3401 852 3443 me
875 3386 981 3444 autem
1001 3378 1067 3444 odit
1082 3380 1232 3464 quoniam
1248 3403 1305 3465 ego
1318 3377 1456 3444 testimo-

226 3480 316 3546 nium
338 3481 488 3567 perhibeo
511 3481 549 3546 de
572 3481 626 3546 ilio
650 3482 724 3565 quia
747 3505 842 3567 opera
865 3481 935 3546 eius
967 3482 1049 3545 mala
1082 3480 1260 3547 sunt⁸uos
1294 3480 1455 3546 ascendite

225 3585 267 3648 ad
289 3583 373 3648 diem
397 3583 513 3649 festum
538 3584 641 3666 [hunc]
667 3603 726 3662 ego
749 3593 855 3648 autem
883 3607 946 3647 non
981 3583 1115 3648 ascendo
1148 3585 1186 3648 ad
1220 3583 1305 3647 diem
1338 3582 1454 3647 festum

227 3687 313 3751 hunc
338 3685 413 3771 quia
445 3709 550 3750 meum
578 3695 703 3770 tempus
737 3685 875 3750 nondum
911 3684 1067 3770 inpletum
1101 3691 1157 3749 est.
1203 3684 1216 3722 ⁹
1260 3685 1350 3750 Haec
1384 3709 1455 3750 curn

224 3787 360 3852 dixisset
375 3787 438 3854 illis
454 3787 521 3874 ipse
531 3789 648 3852 mansit
659 3787 692 3851 in
704 3787 881 3871 galilaeam.
895 3785 923 3823 ¹⁰
934 3796 970 3852 ut
984 3785 1109 3871 [autem]
1124 3789 1332 3852 ascenderunt
1344 3788 1455 3852 fratres

224 3889 296 3954 eius
312 3896 388 3956 tunc
411 3896 443 3955 et
464 3891 532 3977 ipse
551 3889 691 3956 ascendit
710 3889 749 3954 ad
762 3890 846 3954 diem
860 3889 976 3954 festum
987 3911 1051 3953 non
1073 3888 1239 3954 manifeste
1254 3889 1310 3955 sed
1321 3889 1411 3974 quasi
1422 3888 1455 3953 in

225 3993 359 4057 occulto.
373 3990 398 4028 ¹¹
411 3991 517 4058 iudaei
539 4015 612 4072 ergo
635 3993 808 4076 querebant
831 4015 903 4057 eum
927 3991 959 4054 in
982 3991 1034 4055 die
1056 3989 1136 4056 festo
1167 3999 1197 4055 et
1228 3991 1374 4056 dicebant
1403 3992 1455 4056 ubi

226 4104 276 4159 est
297 4093 351 4159 ille
365 4093 390 4131 ¹²
403 4100 435 4159 et
456 4119 599 4160 murmur
623 4095 779 4176 [multum]
805 4095 843 4159 de
865 4094 921 4158 illo
947 4100 1014 4158 erat
1047 4093 1081 4157 in
1115 4094 1207 4158 turba
1240 4093 1337 4178 quida
1370 4093 1457 4158 enim

227 4195 375 4262 dicebant
397 4195 472 4281 quia
493 4198 594 4262 bonus
617 4203 672 4262 est.
697 4196 749 4260 alii
774 4202 848 4261 aute
872 4195 1018 4260 dicebant
1040 4218 1103 4259 non
1126 4195 1180 4260 sed
1207 4195 1330 4261 seducit
1361 4219 1457 4281 popu-

229 4299 305 4362 lum.
320 4297 450 4364 13nemo
472 4306 578 4364 tamen
602 4301 706 4385 palam
729 4300 917 4383 loquebatur
949 4298 988 4363 de
1019 4296 1074 4362 illo
1100 4305 1229 4383 propter
1257 4306 1377 4363 metum
1408 4297 1455 4362 iu·

228 4401 387 4466 daeorum.
436 4400 462 4436 ¹4
505 4401 574 4465 Iam
598 4407 705 4466 autem
728 4400 779 4466 die
803 4399 883 4465 festo
907 4399 1065 4465 mediante
1087 4399 1229 4464 ascendit
1250 4399 1302 4464 ihs
1324 4399 1359 4463 in
1382 4406 1457 4464 tem-

228 4503 318 4588 plum
341 4511 373 4569 et
395 4503 533 4568 docebat.
582 4501 608 4538 ¹⁵
651 4504 852 4569 Mirabantur
883 4526 956 4587 ergo
990 4503 1094 4567 iudaei
1128 4502 1268 4566 dicentes
1302 4501 1457 4586 quomodo

228 4604 282 4670 hic
303 4605 425 4670 litteras
447 4605 538 4670 nouit
561 4627 630 4669 cum
653 4629 716 4670 non
740 4605 895 4670 didicerit.
953 4605 979 4642 ¹⁶
1033 4604 1211 4690 Respondit
1244 4602 1307 4669 illis
1340 4603 1393 4668 ihs
1426 4610 1458 4668 et
