3467 5192
677 302 815 352 matteum
839 300 873 365 (c.
892 299 947 362 21).
1400 305 1444 368 15

168 536 171 543 ,
215 466 367 552 propheta
390 489 408 530 a
429 469 578 532 nazareth
600 468 742 553 galilaea.
768 467 795 505 ¹²
818 470 862 533 Et
884 467 1017 532 intrauit
1039 467 1089 532 ibi
1113 467 1145 532 in
1168 471 1323 557 templum
1354 471 1386 535 di
1407 483 1442 538 et

215 566 349 634 eiciebat
370 591 478 635 omnes
502 571 675 636 uendentes
698 577 730 637 et
753 579 894 636 ementes
916 570 950 634 in
972 571 1098 652 templo.
1127 580 1160 636 et
1188 595 1311 638 mensas
1329 598 1443 638 numu·

215 669 363 734 lariorum
386 677 418 736 et
448 671 575 738 collibus
602 672 809 738 uendentium
843 673 984 739 catedras
1018 671 1135 738 euertit
1153 672 1180 710 ¹³
1198 681 1230 739 et
1251 675 1333 741 dixit
1365 675 1439 742 illis.

214 770 366 858 scriptum
389 781 443 840 est.
468 775 578 839 domus
601 799 671 840 mea
693 776 803 841 domus
826 773 977 840 orationis
998 775 1162 840 uocabitur
1189 798 1246 842 uos
1266 787 1372 844 autern
1395 778 1438 844 f·

215 874 302 942 cistis
325 875 412 941 illam
434 877 584 961 spelunca
606 877 773 944 latronum.
800 877 826 914 ¹⁴
849 878 892 943 Et
919 877 1120 942 adcesserunt
1149 879 1187 942 ad
1222 879 1262 944 eir
1292 880 1377 946 caeci
1406 890 1440 947 et

214 977 294 1043 clodi
317 978 349 1042 in
373 979 490 1064 templo
513 985 544 1044 et
569 980 694 1045 sanauit
717 1003 777 1046 eos.
803 979 828 1018 ¹⁵
850 979 1006 1046 Uidentes
1028 989 1133 1044 autem
1157 981 1314 1068 principes
1341 1007 1440 1050 sacer-

214 1080 321 1145 dotum
344 1088 376 1146 et
397 1081 515 1147 scribae
538 1082 694 1148 mirabilia
717 1106 796 1168 quae
819 1081 896 1148 fecit
923 1080 975 1145 ihs
1004 1090 1035 1147 et
1062 1105 1177 1168 pueros
1206 1084 1376 1151 clamantes
1403 1086 1437 1150 in

213 1183 330 1268 templo
352 1190 385 1248 et
406 1182 546 1249 dicentes
568 1208 686 1251 osanna
709 1183 775 1250 filio
799 1183 895 1249 dauid
917 1183 1072 1269 indignati
1089 1192 1171 1250 sunt.
1193 1185 1220 1224 ¹⁶
1236 1196 1268 1252 et
1291 1188 1443 1254 dixerunt.

214 1284 253 1351 ei.
278 1285 366 1351 audis
391 1285 467 1371 quid
491 1287 542 1352 isti
567 1287 684 1352 dicunt.
708 1286 759 1352 ihs
783 1295 887 1351 autern
918 1286 1000 1352 dixit
1030 1285 1075 1352 eis
1093 1287 1203 1373 utique
1231 1313 1293 1354 non
1315 1289 1443 1375 legistis

213 1411 252 1452 ex
276 1413 328 1453 ore
351 1387 520 1456 infantium
543 1401 575 1454 et
601 1389 786 1455 lactantium
820 1388 980 1476 perfecisti
1013 1389 1148 1455 laudem.
1188 1389 1215 1428 ¹²
1243 1392 1288 1457 Et
1318 1392 1441 1459 relictis

211 1490 275 1557 illis
297 1491 375 1557 abiit
396 1491 478 1557 foras
501 1499 590 1557 extra
612 1491 775 1557 ciuitatem
800 1491 833 1556 in
855 1490 1035 1557 bethaniam
1058 1491 1165 1576 ibique
1187 1496 1310 1559 mansit.

295 1593 388 1658 LXI.
414 1592 440 1631 ¹⁸
461 1593 555 1659 Mane
578 1604 681 1660 autern
707 1593 862 1660 transiens
884 1593 919 1659 in
942 1592 1102 1660 ciuitatem
1118 1594 1229 1660 esuriit
1241 1592 1268 1632 ¹⁹
1277 1603 1309 1662 et
1322 1597 1441 1664 uidens

212 1696 351 1761 arborem
374 1721 469 1761 unam
489 1699 566 1762 ficus
588 1720 677 1762 secus
700 1696 784 1762 uiam
797 1696 887 1762 uenit
898 1697 937 1761 ad
949 1719 1016 1761 eam
1031 1702 1062 1762 et
1079 1695 1160 1761 nihil
1174 1696 1299 1764 inuenit
1314 1698 1348 1764 in
1364 1724 1434 1765 eam

211 1796 271 1863 nisi
297 1798 372 1864 folia
395 1809 528 1864 tantum.
554 1810 586 1864 et
607 1799 651 1864 ait
674 1798 720 1863 illi
750 1823 909 1886 nunquam
933 1823 973 1865 ex
1006 1808 1038 1865 te
1070 1798 1191 1864 tructus
1222 1809 1369 1867 nascatur
1401 1803 1436 1869 in

212 1900 437 1987 senpiternam.
463 1907 494 1967 et
517 1901 653 1968 arefacta
675 1912 723 1968 est
748 1901 896 1967 continuo
917 1901 1061 1967 ficulnea.
1086 1900 1114 1938 ²⁰
1140 1903 1185 1966 Et
1201 1900 1346 1970 uidentes
1373 1904 1433 1972 dis·

211 2002 309 2090 cipuli
332 2003 436 2069 mirati
459 2015 532 2070 sunt
554 2005 693 2070 dicentes
717 2004 872 2091 quomodo
897 2004 1044 2069 continuo
1062 2004 1153 2070 aruit.
1179 2002 1204 2041 ²¹
1230 2005 1439 2090 Respondeas-

209 2115 314 2170 autem
338 2105 389 2170 ihs
412 2105 457 2172 ait
479 2106 524 2172 eis
547 2129 640 2172 amen
662 2105 731 2172 dico
755 2107 844 2172 uobis
866 2107 894 2172 si
917 2105 1090 2171 habueritis
1112 2107 1206 2171 fidem
1237 2116 1269 2172 et
1296 2131 1360 2172 nou
1382 2109 1436 2173 he

210 2206 381 2274 sitaueritis
404 2232 466 2275 non
490 2209 589 2275 solum
613 2209 651 2274 de
673 2209 807 2274 ficulnea
830 2208 953 2275 facietis
974 2209 1028 2274 sed
1051 2217 1082 2274 et
1103 2209 1130 2274 si
1146 2209 1245 2274 monti
1259 2208 1335 2275 huic
1350 2210 1439 2276 dixe

211 2309 279 2375 ritis
302 2312 376 2377 tolle
399 2321 431 2377 et
453 2313 587 2378 iactate
610 2311 642 2376 in
666 2335 753 2376 mare
775 2314 837 2377 fiet.
863 2308 890 2347 ²²
912 2309 956 2375 Et
977 2311 1083 2376 omnia
1104 2335 1310 2397 quaecumque
1337 2312 1435 2399 petie

210 2411 280 2478 ritis
301 2413 336 2479 in
359 2413 497 2480 oratione
521 2415 682 2480 credentes
706 2413 880 2500 adcipietis.
906 2411 932 2450 '³
953 2413 998 2477 Et
1020 2436 1092 2478 cum
1107 2413 1247 2480 uenisset
1261 2414 1295 2479 in
1310 2415 1433 2502 tdplum

209 2523 407 2582 accesserunt
428 2516 467 2582 ad
490 2541 560 2582 eum
586 2517 747 2582 docentem
771 2516 907 2604 pricipes
932 2516 1128 2581 sacerdotum
1156 2525 1189 2582 et
1217 2518 1355 2583 seniores
1380 2540 1434 2604 po·

208 2618 276 2704 puli
298 2618 444 2684 dicentes.
470 2620 504 2684 in
526 2642 590 2704 qua
611 2625 765 2706 potestate
788 2621 865 2684 haec
889 2617 975 2684 lacis.
1000 2629 1032 2684 et
1060 2617 1131 2703 quis
1152 2617 1211 2684 tibi
1233 2619 1319 2686 dedit
1351 2621 1437 2686 hauc

207 2727 371 2807 potestate.
386 2719 639 2808 2⁴respondelnls
661 2721 713 2786 ihs
738 2721 819 2787 dixit
832 2721 906 2786 illis.
932 2721 1129 2807 interrogabo
1145 2744 1201 2785 uos
1214 2726 1245 2787 et
1261 2745 1318 2807 ego
1334 2746 1431 2787 unum

207 2824 347 2888 uerbum.
381 2825 464 2910 quod
488 2823 515 2888 si
537 2823 681 2890 dixeritis
704 2823 785 2888 mihi
807 2831 839 2888 et
866 2847 924 2908 ego
952 2823 1042 2888 uobis
1060 2822 1160 2887 dicam
1184 2823 1218 2888 in
1251 2847 1314 2909 qua
1344 2831 1432 2911 pote·

207 2934 286 2992 state
308 2927 386 2992 haec
408 2926 497 2991 facio.
521 2924 548 2965 ²⁵
570 2925 770 3012 Baptismum
793 2925 942 2991 iohannis
964 2925 1048 2989 unde
1071 2933 1139 2990 erat
1160 2926 1199 2990 de
1226 2927 1313 2993 caelo
1335 2950 1375 2991 an
1391 2950 1434 2992 ex

205 3028 394 3095 hominibus.
439 3029 493 3094 Ad
515 3028 563 3093 illi
586 3028 764 3114 cogitabant
788 3029 872 3094 intra
894 3051 927 3093 se
940 3027 1128 3093 dicentes.²⁶
1146 3026 1172 3092 si
1195 3027 1368 3094 dixerimus
1391 3029 1431 3094 do

207 3133 292 3197 caclo
315 3131 398 3197 dicat
420 3131 509 3197 nobis
531 3155 627 3217 quare
650 3154 738 3216 ergo·
754 3129 1023 3196 non‘oredidistis
1052 3129 1110 3193 illi.
1150 3129 1177 3195 si
1206 3153 1280 3195 uero
1313 3130 1431 3196 dixeri·

205 3257 276 3300 mus
292 3258 338 3299 ex
359 3233 540 3300 horninibus
561 3234 709 3299 timemus
733 3234 855 3299 turbam
879 3255 987 3299 omnes
1010 3231 1095 3298 enim
1116 3232 1234 3298 habent
1260 3231 1431 3298 iohannem

205 3334 287 3402 siout
308 3335 471 3423 profetam.
496 3336 523 3375 ²⁷
545 3337 589 3402 Et
610 3336 841 3422 responderunt
856 3335 896 3400 ad
913 3334 980 3399 ihm
1005 3335 1154 3400 dixerunt
1176 3333 1341 3400 nescimus.
1370 3335 1432 3401 Ait

205 3437 268 3505 illis
291 3446 323 3506 et
344 3439 404 3504 ihs.
428 3463 486 3505 nec
515 3462 571 3525 ego
605 3439 674 3504 dico
707 3438 739 3503 in
770 3461 832 3523 qua
855 3445 1010 3524 potestate
1034 3437 1113 3502 haec
1138 3436 1226 3503 facio.
1272 3435 1300 3474 ²⁸
1343 3437 1433 3522 Quid

205 3548 311 3608 autem
334 3541 423 3608 uobis
445 3541 579 3607 uidetur.
603 3542 697 3605 homo
720 3539 848 3625 quidam
872 3538 1008 3604 habebat
1030 3539 1107 3604 duos
1128 3539 1209 3605 filios
1231 3549 1263 3604 et
1280 3539 1432 3606 accedens

204 3645 243 3710 ad
265 3643 401 3733 primum
427 3645 479 3710 ait.
503 3643 550 3708 fili
572 3643 652 3708 uade
675 3641 770 3709 hodie
792 3665 921 3728 operare
947 3641 979 3706 in
1001 3640 1096 3705 uinea
1108 3639 1136 3679 ²⁹
1144 3640 1197 3706 ille
1209 3647 1283 3706 auto
1305 3664 1434 3728 respon·

203 3747 281 3813 dens
303 3747 384 3812 nolo.
408 3753 515 3833 postea
538 3769 612 3811 uero
635 3744 834 3832 poenitentia
857 3753 961 3809 motus
983 3743 1062 3808 abiit
1083 3742 1115 3807 in
1132 3743 1268 3809 uincam.
1303 3741 1331 3781 ³⁰
1363 3745 1428 3809 Ac·

203 3849 297 3916 cessit
318 3855 424 3916 autem
447 3849 487 3914 ad
508 3851 643 3914 alterum
664 3847 747 3914 dixit
768 3846 924 3912 similiter.
970 3846 1025 3911 Ad
1053 3845 1107 3910 ille
1129 3845 1343 3931 responde[n]s
1372 3846 1417 3910 ait

202 3973 240 4018 oo
262 3952 354 4017 dome
376 3960 408 4019 ot
429 3975 493 4017 non
513 3951 622 4016 habiit.
636 3947 662 3986 ³¹
675 3949 745 4036 quis
771 3973 812 4015 ex
843 3950 963 4015 duobus
987 3948 1062 4014 fecit
1086 3948 1282 4012 uoluntatem
1316 3948 1424 4034 patris.

202 4053 312 4120 dicunt
333 4054 363 4119 ei
384 4053 585 4120 nouissimus.
607 4052 685 4119 dicit
706 4051 769 4118 illia
790 4051 850 4117 ihs.
875 4075 969 4116 amen
992 4051 1061 4116 dico
1083 4049 1174 4115 uobis
1190 4050 1273 4134 quod
1289 4050 1431 4116 meretri·

203 4177 254 4221 ces
277 4164 309 4223 et
329 4156 492 4245 publicani
514 4156 683 4243 precedent
706 4177 763 4221 uos
784 4154 818 4220 in
840 4177 935 4239 regno
958 4153 998 4217 di.
1023 4151 1050 4190 ³²
1072 4151 1174 4218 Uenit
1196 4151 1281 4216 enim
1308 4151 1346 4216 ad
1370 4175 1430 4216 uos

201 4258 356 4325 iohannes
378 4259 411 4325 in
434 4259 487 4324 uia
509 4259 649 4324 iustitiae
671 4263 702 4324 et
726 4281 789 4323 non
811 4255 988 4322 credidistis
1010 4253 1048 4320 ei.
1072 4253 1243 4320 Publiceni
1265 4261 1372 4318 autem
1394 4262 1427 4319 et

200 4361 382 4428 meretrices
405 4362 610 4429 credederunt
635 4360 675 4426 ei.
725 4361 792 4426 Uos
821 4364 928 4424 autem
955 4358 1101 4423 uidentes
1130 4381 1188 4422 nec
1217 4355 1426 4442 penitentiam

200 4463 357 4529 habuistis
379 4474 448 4551 post
471 4464 553 4549 quod
576 4488 637 4528 non
661 4461 848 4530 credidistis.

289 4565 401 4632 nXH.
425 4564 451 4604 ³³
479 4566 589 4631 Aliam
621 4566 799 4652 parabolam
832 4563 949 4630 audite.
983 4564 1076 4628 homo
1098 4573 1166 4627 erat
1197 4559 1427 4648 paterfamilias

200 4667 258 4754 qui
280 4671 435 4757 plantauit
457 4669 583 4737 uincam
607 4675 639 4734 et
659 4677 733 4754 sepe
757 4665 962 4733 cricumdedit
984 4664 1014 4729 ei
1036 4671 1068 4730 et
1090 4663 1170 4729 fodit
1184 4663 1218 4728 in
1234 4686 1271 4729 ea
1285 4661 1427 4728 torcular
