3467 5192
688 280 827 332 matteum
846 278 880 346 (c
899 278 956 344 27).
1397 277 1441 340 27·

213 447 276 511 uah
299 446 354 531 qui
375 447 556 513 destruebat
578 450 729 534 templum
754 450 786 514 di
809 456 841 516 et
868 453 900 514 in
933 449 1038 516 triduo
1071 446 1150 514 illud
1172 446 1381 512 reedificabat.
1411 445 1437 511 si

211 548 296 613 filius
318 549 350 614 di
373 573 406 614 es
429 550 582 615 descende
605 574 690 616 nunc
711 552 750 617 de
773 576 872 620 eruce.
918 551 945 589 ⁴¹
991 551 1147 617 Similiter
1168 555 1200 615 et
1221 547 1378 635 principes
1392 572 1436 614 sa-

213 651 374 716 cerdotum
397 652 583 719 deludentes
606 676 678 718 curn
701 655 809 721 scribis
832 662 864 720 et
886 654 1040 743 phariseis
1065 653 1218 718 dicebant.
1238 649 1267 687 ⁴¹
1282 651 1360 717 alios
1377 653 1436 716 sal·

211 775 269 818 uos
291 752 368 819 fecit
389 753 528 840 seipsum
551 779 614 821 non
636 762 739 842 potest
762 758 886 823 saluum
908 757 1012 823 facere
1035 757 1062 846 si
1083 779 1140 820 rex
1161 753 1293 820 istrahel
1308 762 1356 820 est
1372 754 1437 819 des-

212 856 325 921 cendat
346 880 430 922 nuno
453 858 491 923 de
514 881 605 924 cruce
629 864 660 926 et
683 861 838 927 credimus
860 861 891 926 ei
902 859 930 898 ⁴³
940 859 1069 927 confidit
1093 859 1126 922 in
1156 858 1196 922 do
1222 855 1335 921 liberet
1363 880 1435 921 eum

212 958 238 1022 si
262 959 333 1025 uult
355 983 437 1025 eum.
461 959 544 1026 dixit
566 961 652 1027 enim
675 962 750 1046 quia
771 963 804 1027 di
824 965 910 1030 filius
931 966 1052 1042 suntd)
1096 958 1125 998 ⁴⁴
1166 959 1311 1045 Idipsum
1330 964 1437 1024 autem

211 1069 244 1127 et
264 1063 400 1128 latrones
424 1060 478 1148 qui
500 1063 669 1148 oruoifi(xi)
682 1074 771 1134 erant
793 1091 865 1133 cum
889 1091 926 1132 eo
948 1065 1191 1152 inproperabant
1213 1062 1251 1127 ei.
1286 1059 1314 1098 55
1349 1063 1437 1128 Hora

210 1170 316 1230 autem
339 1166 377 1229 ab
393 1171 483 1232 sexta
505 1168 652 1234 tenebrae
674 1168 757 1236 facta
779 1175 852 1236 sunt
874 1193 967 1256 super
988 1167 1168 1233 uniuersam
1191 1174 1306 1230 terram
1335 1189 1436 1250 usque

209 1268 249 1331 ad
271 1267 381 1333 horam
406 1292 530 1334 nonam.
576 1268 605 1308 55
648 1272 692 1337 Et
715 1271 797 1338 eirea
819 1275 930 1338 horam
952 1277 1057 1337 autem
1081 1293 1196 1334 nonam
1220 1269 1369 1333 clamauit
1383 1270 1435 1333 ihs

209 1393 286 1436 uoce
309 1394 423 1456 magna
445 1370 560 1438 dicens.
585 1373 650 1438 heli
673 1375 738 1439 heli
760 1375 877 1440 lamma
900 1373 1057 1460 napthani.
1082 1373 1142 1439 hoo
1164 1381 1212 1436 cst
1231 1371 1268 1435 ds
1284 1395 1376 1436 meus
1398 1372 1436 1436 ds

192 1495 299 1538 ‘meus
322 1473 455 1559 utquid
478 1499 529 1539 me
551 1476 757 1561 dereliquisti.
802 1477 830 1516 ⁴⁷
875 1477 1014 1562 Quidam
1036 1481 1142 1541 autem
1168 1473 1235 1538 illio
1264 1480 1382 1540 stantes
1405 1480 1437 1540 et

209 1575 374 1641 audientes
407 1576 560 1643 dicebant.
593 1578 710 1645 heliam
732 1589 825 1646 uocat
858 1580 927 1647 iste.
978 1577 1007 1617 ⁴⁸
1049 1580 1094 1644 Et
1126 1577 1275 1643 continuo
1308 1599 1436 1642 currens

207 1701 290 1743 unus
313 1703 353 1744 ex
375 1678 421 1744 eis
444 1680 575 1767 adcepta
596 1683 727 1768 spongia
755 1683 891 1768 inpleuit
918 1689 1006 1748 aceto
1033 1687 1066 1746 et
1095 1679 1245 1767 imposuit
1258 1679 1435 1744 harundine

207 1789 240 1848 et
262 1781 355 1846 dabat
378 1781 407 1846 ei
430 1782 545 1849 bibere.
590 1782 619 1822 ⁴⁹
651 1783 759 1851 (letari
783 1809 858 1851 uero
882 1785 1038 1850 dixerunt.
1063 1784 1131 1849 sine
1152 1782 1318 1848 uideamus
1340 1781 1366 1846 si
1384 1805 1433 1847 ue-

207 1883 257 1951 nit
278 1883 355 1950 elias
377 1885 525 1952 liberauit
547 1910 630 1952 eum.
676 1886 703 1924 ⁵⁰
745 1890 803 1954 Ihs
820 1895 926 1954 autem
941 1887 1057 1954 iterum
1073 1893 1212 1952 clamans
1226 1906 1304 1949 uoce
1320 1908 1434 1968 magna

207 1986 314 2052 emisit
336 1998 413 2072 spm.
461 1986 486 2025 ⁵1
531 1990 575 2055 Et
597 2014 667 2057 ecce
689 1992 799 2056 uelum
821 1990 932 2076 templi
956 1989 1088 2056 scissum
1111 1994 1158 2055 est
1181 1988 1214 2052 in
1237 1987 1314 2052 duas
1328 1993 1434 2072 partes

207 2112 224 2153 a
247 2113 369 2156 summo
391 2113 492 2175 usque
514 2091 658 2158 deorsum
683 2099 714 2158 et
736 2100 819 2159 terra
842 2101 927 2159 mota
949 2099 997 2159 est
1019 2098 1050 2156 et
1071 2098 1180 2177 petrae
1202 2092 1282 2155 fissa
1299 2095 1392 2155 erunt
1407 2088 1434 2125 ⁵²

207 2201 240 2261 et
271 2199 476 2259 monumenta
507 2194 664 2280 patefacta
694 2202 769 2262 sunt
808 2202 839 2262 et
879 2195 979 2260 multa
1019 2217 1148 2281 corpora
1170 2201 1346 2258 sanctorum
1368 2192 1434 2256 dor-

205 2296 372 2363 mientium
396 2303 602 2363 surrexerunt
614 2296 640 2336 55
653 2304 685 2364 et
706 2305 859 2365 exeuntes
883 2298 921 2363 de
944 2295 1156 2362 monumentis
1179 2301 1249 2382 post
1274 2316 1429 2360 resurrec-

205 2399 323 2466 tionem
346 2397 445 2484 ipsius
468 2407 624 2465 uenerunt
646 2400 679 2464 in
702 2408 842 2467 sanctam
858 2399 1022 2466 ciuitatem
1038 2404 1070 2464 et
1084 2398 1192 2463 multis
1207 2400 1429 2484 apparuerunt.

206 2500 234 2546 ⁵⁴
277 2499 429 2567 Centurio
452 2509 558 2567 autem
581 2508 613 2568 et
634 2502 689 2589 qui
719 2527 788 2568 oum
824 2527 860 2568 eo
894 2511 984 2567 erant
1016 2500 1228 2567 custodientes
1262 2499 1327 2564 ihm
1361 2499 1430 2564 uiso

205 2611 307 2672 terrae
330 2610 414 2669 moto
437 2611 469 2670 et
490 2604 540 2670 his
563 2629 644 2690 quae
664 2608 781 2672 fiebant
804 2606 981 2671 timuerunt
1002 2605 1096 2669 ualde
1125 2603 1273 2669 dicentes.
1302 2624 1377 2667 uere
1400 2602 1432 2665 di

204 2707 288 2773 filius
310 2713 378 2772 erat
400 2705 468 2772 iste.
515 2704 542 2745 55
585 2708 689 2774 Erant
712 2715 817 2773 autem
842 2709 885 2773 ibi
908 2709 1056 2773 mulieres
1078 2708 1197 2772 multae
1220 2729 1239 2770 a
1266 2705 1359 2790 longe
1388 2705 1432 2768 ui·

203 2809 315 2874 dentes
337 2832 417 2893 quae
440 2814 565 2874 secutae
588 2819 678 2876 erant
700 2811 766 2875 ihm
789 2835 808 2875 a
834 2809 969 2896 galilaea
1006 2809 1222 2875 ministrantes
1255 2807 1286 2873 ei
1304 2805 1331 2845 55
1349 2809 1432 2874 inter

204 2934 281 2996 quas
305 2918 372 2977 erat
393 2912 493 2977 maria
514 2914 697 2996 magdalene
721 2921 753 2979 et
775 2913 875 2978 maria
897 2912 998 2978 iacobi
1021 2922 1052 2978 et
1075 2913 1183 2998 ioseph
1206 2919 1307 2977 mater
1323 2917 1355 2976 et
1369 2935 1431 2974 ma·

203 3019 252 3080 ter
273 3013 408 3080 filiorum
432 3015 586 3080 zebedaei.
634 3014 661 3054 ⁶⁷
705 3015 786 3080 Oum
810 3028 1010 3082 seroautem
1026 3014 1143 3080 factum
1160 3020 1242 3080 esset
1256 3012 1346 3078 uenit
1361 3014 1429 3098 qui-

203 3117 274 3181 dam
297 3117 391 3181 homo
413 3116 502 3182 diues
525 3119 564 3182 ab
587 3119 780 3184 arimathaea
802 3118 930 3184 nomine
952 3118 1062 3203 ioseph
1090 3116 1145 3203 qui
1175 3122 1208 3181 et
1236 3116 1305 3201 ipse
1338 3115 1430 3180 disci·

202 3220 295 3305 pulus
318 3224 385 3284 erat
399 3219 465 3284 ihu.
480 3217 507 3258 55
518 3219 570 3285 hio
592 3220 725 3286 adcessit
747 3222 785 3285 ad
807 3221 942 3308 pilatum
966 3228 998 3286 et
1016 3219 1109 3306 petiit
1121 3241 1232 3304 corpus
1248 3218 1314 3282 ihil.
1339 3218 1431 3284 Tunc

203 3324 317 3406 pilatus
340 3321 434 3388 iussit
455 3323 542 3387 reddi
567 3347 686 3410 corpus.
701 3322 770 3390 ⁵⁹et
792 3348 863 3390 eum
895 3322 1069 3409 adoepisset
1096 3322 1206 3408 ioseph
1229 3345 1340 3408 corpus
1373 3319 1431 3385 ihr'1

203 3422 341 3490 inuoluit
363 3423 442 3488 illud
465 3424 499 3489 in
522 3425 653 3491 sindone
676 3427 795 3493 munda
807 3425 834 3464 ⁶⁰
852 3432 885 3492 et
911 3425 1017 3513 posuit
1047 3425 1127 3492 illud
1160 3425 1193 3489 in
1226 3432 1430 3490 monumento

202 3549 258 3591 suo
281 3550 363 3592 nouo
385 3527 469 3613 quod
492 3527 654 3595 exciderat
677 3529 711 3593 in
733 3536 831 3615 petra
858 3538 891 3594 et
923 3527 1066 3595 aduoluit
1099 3537 1179 3593 saxu
1212 3550 1363 3612 magnum
1391 3528 1431 3592 ad

203 3629 319 3694 ostium
342 3631 539 3695 monumenti
563 3637 594 3696 et
616 3631 702 3697 abiit.
750 3630 775 3669 ⁶¹
819 3632 899 3697 Erat
922 3639 1027 3698 autem
1051 3630 1094 3697 ibi
1118 3631 1217 3696 maria
1245 3629 1430 3717 magdalene

202 3738 233 3799 et
255 3733 354 3798 altera
377 3731 476 3798 maria
497 3734 643 3800 sedentes
666 3740 775 3800 contra
796 3734 1008 3821 sepulchrum.
1054 3732 1081 3772 55
1123 3735 1237 3799 Altera
1256 3739 1362 3799 autem
1378 3732 1429 3799 die

201 3858 281 3921 quae
304 3842 353 3901 est
374 3842 445 3922 post
466 3858 656 3922 parasceuen
680 3846 898 3902 conuenerunt
919 3836 1077 3923 principes
1094 3837 1289 3902 sacerdotum
1306 3841 1338 3903 et
1352 3836 1428 3922 pha·

201 3939 295 4005 risaei
317 3938 356 4002 ad
379 3937 511 4024 pilatum
525 3937 551 3975 ⁶³
564 3938 711 4005 dicantes.
736 3940 808 4005 dms
830 3940 1031 4005 rememorati
1054 3961 1163 4006 sumus
1184 3939 1430 4024 quodlseductor

200 4041 254 4106 ille
277 4040 360 4107 dixit
375 4065 445 4105 cum
470 4041 572 4106 adhue
594 4040 727 4107 uiueret.
755 4049 825 4128 post
848 4042 976 4107 tertium
1007 4041 1089 4107 diem
1119 4065 1279 4128 resurgam
1304 4041 1332 4081 55
1354 4042 1428 4109 iube

200 4167 273 4227 ergo
297 4144 496 4229 sepulchrum
521 4131 671 4209 custodiri
694 4145 847 4231 usquein
872 4144 955 4210 diem
980 4145 1107 4211 tertium
1130 4169 1170 4210 ne
1193 4144 1271 4209 forte
1297 4147 1430 4213 ueniant

199 4245 346 4332 discipuli
370 4246 437 4311 eius
461 4254 492 4311 et
513 4246 659 4312 furentur
682 4271 755 4312 eum
778 4256 810 4313 et
831 4247 939 4312 dicant
960 4246 1044 4335 plebi
1066 4247 1141 4334 quia
1164 4247 1302 4314 surrexit
1316 4273 1334 4313 a
1350 4272 1428 4314 mor-

200 4347 272 4414 tuis.
297 4357 330 4412 et
352 4349 412 4413 orit
434 4347 622 4415 nouissimus
645 4373 731 4414 error
744 4349 833 4435 peior
855 4349 967 4436 priora.
1014 4349 1041 4389 55
1084 4350 1145 4416 Ait
1167 4350 1229 4416 illis
1243 4350 1361 4436 pilatus
1376 4354 1428 4418 ha·

200 4450 281 4516 betis
304 4451 447 4518 custodes
469 4451 514 4516 ite
536 4452 690 4518 custodite
713 4451 796 4519 siout
818 4452 914 4519 scitis.
959 4452 986 4491 55
1028 4453 1084 4518 Illi
1106 4460 1212 4521 autem
1236 4461 1346 4520 euntes
1359 4481 1426 4524 rnu-

200 4552 329 4620 nierunt
350 4555 550 4640 sepulchrum
573 4554 733 4639 signantes
756 4554 891 4648 lapidem
915 4580 987 4626 oum
1011 4556 1199 4628 custodibus.
