3467 5192
675 284 808 338 lucanum
827 285 863 351 (o.
875 283 927 349 22).
1373 286 1413 350 97

185 465 407 524 uerumtamen
430 480 489 522 uae
512 454 558 520 illi
580 453 702 520 homini
724 477 781 540 per
802 477 897 539 quem
919 453 1068 520 tradetur.
1083 452 1110 490 ²³
1122 460 1155 520 et
1176 453 1238 540 ipsi
1253 455 1416 540 conquire·

183 563 265 627 bant
285 559 370 626 inter
390 583 424 624 se
447 557 519 644 quis
541 567 624 624 esset
644 559 704 622 hoc
725 555 876 622 facturus.

274 661 444 728 LXXHI.
490 659 517 697 ²4
560 663 656 725 Facta
678 665 855 725 astantem
883 666 915 724 et
950 658 1109 724 eontentio
1142 658 1226 725 inter
1257 683 1311 726 eos
1345 661 1417 746 quis

184 788 297 831 corum
319 763 482 830 uideretur
504 785 572 829 esse
594 763 702 827 maior.
749 759 776 798 ²⁵
819 760 915 827 Dixit
937 770 1042 827 autam
1065 760 1112 827 eis
1138 762 1200 834 ihs,
1233 786 1322 848 reges
1344 786 1415 848 gen·

188 869 271 934 tium
294 866 496 934 dominantur
517 889 625 932 eorum
658 874 690 931 et
724 864 779 951 qui
810 872 999 950 potestatem
1031 864 1127 929 habet
1158 867 1239 930 bene
1271 873 1417 951 gerentes

185 993 299 1036 eorum
320 968 449 1054 benigni
471 977 586 1035 uocant
625 1020 632 1033 .
678 965 706 1007 ²⁶
748 967 815 1034 Uos
837 976 945 1032 autem
966 990 1031 1032 non
1059 967 1104 1032 sio
1138 967 1193 1032 sed
1226 967 1282 1054 qui
1317 968 1418 1034 maior

189 1071 293 1138 estin
315 1071 405 1136 uobis
426 1073 482 1136 fiat
503 1070 586 1138 sicut
606 1069 709 1136 minor
731 1076 764 1135 et
785 1068 841 1155 qui
863 1091 1024 1155 precessor
1045 1077 1094 1136 est
1115 1068 1197 1136 sicut
1211 1070 1418 1137 ministrator.
1489 1105 1494 1114 ·
1578 1075 1581 1082 '

186 1173 218 1212 Ἢ
230 1174 300 1260 quis
322 1173 409 1238 enim
431 1173 531 1240 maior
552 1172 609 1260 qui
631 1171 777 1240 recunbit
798 1184 853 1237 aut
876 1172 932 1256 qui
953 1171 1113 1237 ministrat
1134 1171 1330 1258 ingentibus
1348 1175 1417 1260 qui·

187 1278 264 1343 dem
286 1275 342 1362 qui
364 1275 519 1342 recumbit
541 1275 576 1341 in
597 1274 687 1342 uobis
709 1282 814 1340 autem
844 1297 908 1340 non
937 1274 983 1341 sic
1005 1274 1061 1340 sed
1083 1274 1137 1360 qui
1170 1274 1328 1342 ministret
1360 1299 1418 1362 ego

192 1389 298 1452 autem
320 1377 355 1443 in
376 1378 481 1444 medio
504 1387 608 1444 uestro
630 1401 699 1443 sum
722 1376 813 1464 quasi
834 1376 988 1443 minister.
1034 1375 1061 1414 ²⁸
1110 1377 1178 1444 Uos
1205 1387 1312 1444 autem
1341 1380 1418 1446 estis

188 1480 250 1564 qui
271 1480 487 1568 permansistis
508 1503 634 1546 mecum
655 1479 690 1545 in
712 1479 972 1566 temptationibus
995 1479 1115 1545 mais¹⁹
1133 1489 1166 1545 et
1198 1503 1256 1565 ego
1290 1482 1418 1567 quidem

192 1583 324 1670 dispono
345 1583 435 1650 uobis
457 1583 539 1650 sicut
561 1581 716 1669 disposuit
737 1581 818 1647 mibi
839 1589 931 1669 pater
956 1605 1046 1648 meus
1072 1605 1205 1666 regnum
1217 1581 1245 1620 ³⁰
1256 1592 1292 1650 ut
1319 1584 1419 1652 edatis

193 1696 225 1751 et
246 1686 363 1753 uibatis
385 1709 480 1773 super
502 1690 622 1751 mcsam
644 1708 747 1750 meam
770 1683 804 1749 in
829 1708 926 1769 regno
957 1708 1036 1750 meo.
1080 1685 1126 1751 Et
1157 1685 1292 1754 sedeatis
1325 1710 1419 1774 super

188 1788 357 1854 duodecim
381 1795 486 1854 tronos
508 1787 684 1854 iudicantes
706 1786 872 1853 duodecim
895 1786 996 1853 tribus
1018 1787 1157 1853 istrahel.

277 1891 444 1958 LXXIV.
489 1889 515 1928 ⁸¹
560 1889 621 1956 Ait
642 1899 748 1956 autern
770 1889 840 1954 dms
862 1896 960 1975 petro.
984 1889 1086 1955 simon
1109 1890 1212 1957 simon
1234 1914 1307 1958 ecoe
1341 1901 1419 1958 sata-

191 2017 250 2060 nas
273 1993 430 2080 expetiuit
451 2016 508 2059 uos
531 1992 666 2059 uentilet
687 1992 770 2058 sicut
791 1991 934 2058 triticum
946 1989 974 2029 ³²
989 1992 1099 2077 rogaui
1131 2015 1188 2079 pro
1221 2000 1254 2060 te
1287 2004 1324 2060 ut
1357 2018 1421 2064 non

189 2095 320 2163 deficiat
340 2097 417 2162 fides
439 2104 494 2162 tua
516 2102 549 2162 et
570 2102 606 2161 tu
631 2093 801 2180 aliquando
830 2117 1000 2160 conuersus
1026 2097 1175 2160 confirma
1200 2095 1316 2163 fratres
1349 2106 1421 2164 tuos

195 2204 227 2264 et
248 2208 355 2284 rogate
377 2222 417 2263 ne
440 2196 566 2264 intretis
588 2197 622 2262 in
645 2197 894 2283 temptationem.
939 2196 967 2235 ⁵³
1011 2196 1104 2262 Dixit
1125 2210 1231 2264 autern
1252 2211 1286 2264 et
1313 2207 1420 2285 petrus

196 2301 258 2365 dire
280 2315 385 2367 tecum
407 2306 535 2387 paratus
558 2323 627 2366 sum
650 2299 738 2366 etin
768 2321 925 2365 carcerem
961 2300 996 2363 in
1028 2307 1161 2365 mortem
1194 2300 1249 2366 ire.
1296 2300 1324 2339 ³⁴
1366 2303 1422 2368 Ad

190 2403 246 2467 ihs
268 2402 351 2469 dixit
372 2403 411 2468 ei.
436 2402 505 2468 dico
527 2401 587 2468 tibi
608 2409 697 2488 petre
718 2424 783 2467 non
804 2401 944 2467 cantabit
965 2401 1060 2468 hodie
1081 2403 1182 2488 gellus
1199 2403 1299 2470 donec
1310 2414 1358 2470 ter
1373 2406 1422 2471 ab

194 2527 290 2590 neges
323 2529 384 2571 me.
429 2505 473 2572 nt
505 2504 588 2571 dixit
610 2502 830 2589 eis³⁶quando
852 2503 926 2569 misi
947 2527 1005 2570 uos
1035 2503 1104 2568 sine
1135 2506 1250 2572 sacello
1283 2516 1315 2572 et
1347 2530 1423 2594 pera

195 2621 229 2673 θῖ
263 2607 477 2674 calciamentis
509 2607 666 2692 numquid
699 2606 819 2693 aliquid
857 2605 959 2673 defuit
986 2606 1076 2672 uobis
1088 2605 1116 2645 ³⁶
1125 2608 1165 2672 ad
1192 2607 1241 2673 illi
1273 2608 1423 2677 dixerunt

191 2711 286 2777 nihil.
331 2710 426 2776 Dixit
447 2733 530 2796 ergo.
555 2710 612 2776 sed
633 2731 720 2776 nunc
742 2708 797 2795 qui
818 2709 916 2774 babet
937 2709 1087 2775 sacellum
1109 2711 1200 2777 tollat
1217 2711 1364 2778 similiter
1391 2725 1424 2780 et

196 2836 305 2900 peram
327 2822 360 2879 et
382 2813 438 2899 qui
460 2814 554 2879 babet
579 2811 722 2878 tunicam
750 2813 868 2877 uendat
890 2835 959 2878 eam
982 2818 1015 2877 et
1036 2822 1121 2878 emat
1152 2814 1302 2899 gladium.
1316 2814 1423 2883 ³⁷dico

191 2915 282 2981 enim
304 2916 394 3005 uobis
416 2915 565 3000 quoniam
588 2915 691 2982 adhuc
712 2915 774 2980 hoc
788 2915 874 2999 quod
888 2914 1038 2980 scribtum
1050 2925 1098 2980 est
1114 2925 1236 3002 oportet
1254 2916 1376 3003 inplere
1387 2921 1424 3000 (1)

197 3018 231 3082 in
253 3042 303 3084 me
326 3020 410 3103 quod
432 3027 468 3085 ut
490 3042 562 3085 oum
583 3017 702 3102 iniquis
725 3018 895 3104 deputatus
916 3024 971 3083 est.
996 3026 1028 3083 et
1043 3017 1082 3082 de
1096 3042 1149 3084 me
1163 3040 1224 3102 que
1238 3032 1314 3085 sunt
1326 3022 1423 3091 finem

197 3122 323 3187 habent.
369 3119 396 3158 ³⁸
438 3122 493 3186 Ad
514 3120 564 3186 illi
586 3119 742 3187 dixerunt.
777 3120 839 3185 dr're
872 3143 945 3185 ecce
978 3120 1039 3185 duo
1072 3119 1170 3205 gladii
1202 3120 1264 3186 bic.
1299 3123 1338 3187 ad
1371 3124 1423 3190 ille

197 3223 359 3309 respondit
380 3223 426 3288 eis
448 3223 524 3289 satis
547 3230 603 3290 est.

283 3325 429 3396 LXXV.
475 3325 503 3364 ³⁹
545 3326 589 3392 Et
611 3348 755 3411 egressus
776 3324 851 3391 inde
880 3326 946 3390 ibat
978 3325 1152 3391 secundum
1184 3329 1423 3395 cosuetudinem

194 3451 288 3494 suam
322 3429 356 3494 in
389 3438 529 3495 montem
573 3427 694 3495 oliueti.
724 3427 825 3494 secuti
857 3435 932 3494 sunt
964 3438 1071 3493 autem
1104 3452 1178 3494 eum
1211 3437 1243 3495 et
1278 3429 1427 3518 discipuli

195 3529 277 3596 eius.
321 3530 350 3567 ⁴⁰
393 3531 437 3596 Et
460 3554 531 3596 curn
553 3531 751 3617 peruenisset
772 3531 812 3595 ad
833 3531 939 3596 locum
962 3529 1044 3595 dixit
1065 3529 1129 3595 illis
1151 3538 1237 3603 crete
1259 3556 1299 3597 ne
1328 3533 1425 3599 intre·

199 3634 241 3698 tis
262 3632 297 3698 in
319 3632 568 3719 temptationem.
612 3632 639 3670 ⁴¹
683 3635 728 3698 Et
749 3632 817 3718 ipse
839 3632 1011 3713 θηο]θιιθ(1)
1026 3641 1074 3698 ast
1088 3633 1184 3700 abeis
1198 3635 1426 3718 quantumiac·

199 3745 269 3800 tum
290 3735 412 3822 lapidis.
458 3737 503 3801 Et
523 3735 634 3822 positis
656 3735 791 3820 genibus
812 3736 921 3800 orabat
933 3733 961 3771 ⁴²
973 3733 1061 3800 dices
1082 3744 1171 3820 pater
1192 3759 1256 3801 non
1282 3761 1354 3804 mea
1375 3762 1427 3806 no·
1476 3813 1479 3821 ,

144 3895 149 3904 .
200 3837 305 3904 luntas
329 3839 384 3904 sed
406 3847 462 3904 tua
483 3841 539 3905 fiat
559 3837 588 3903 si
609 3837 658 3903 uis
681 3837 816 3903 transfer
838 3839 923 3902 hunc
946 3837 1074 3920 ¹calicem
1097 3861 1117 3902 a
1143 3861 1204 3903 me.
1249 3838 1276 3878 ⁴⁸
1320 3842 1427 3928 Appa-

200 3940 266 4005 ruit
287 3949 393 4007 autem
417 3941 465 4006 illi
488 3941 618 4027 angelus
640 3941 679 4005 de
702 3941 787 4006 caelo
810 3939 990 4006 confortans
1013 3964 1095 4005 eum.
1119 3949 1152 4006 et
1173 3940 1275 4007 factus
1296 3941 1331 4007 in
1353 3967 1425 4029 ago·

202 4042 256 4106 nia
276 4043 432 4129 prolixius
455 4046 572 4110 orabat.
585 4042 657 4109 “ct
682 4042 783 4109 factus
817 4050 864 4108 cst
897 4043 992 4108 sudor
1023 4042 1092 4108 eius
1124 4051 1286 4128 tamquam
1318 4051 1437 4130 guttae

198 4144 366 4231 sanguinis
388 4145 581 4213 decurrentis
604 4145 638 4210 in
661 4154 786 4210 terram.
831 4143 859 4184 ⁴⁵
902 4146 1041 4210 Etcum
1069 4144 1257 4211 surrexisset
1287 4148 1325 4212 ab
1359 4171 1426 4214 ora·

202 4247 323 4313 tionem
344 4258 377 4314 et
399 4248 539 4314 uenisset
560 4249 600 4313 ad
621 4247 802 4333 discupulos
824 4271 897 4313 suos
919 4247 1044 4313 inuenit
1070 4271 1123 4314 eos
1152 4248 1342 4316 dormientes
1373 4275 1428 4337 pre

203 4349 341 4417 tristitia.
354 4350 426 4417 “et
448 4350 494 4417 ait
515 4349 579 4416 illis
606 4351 684 4435 quid
715 4349 858 4416 dormitis
892 4350 1011 4435 surgite
1043 4359 1131 4416 orate
1166 4374 1207 4416 ne
1237 4351 1362 4419 intretis
1394 4355 1429 4421 in

203 4453 452 4539 temptationem.
1358 4462 1361 4468 '

288 4556 454 4624 LXXVI.
499 4555 526 4594 ⁴⁷
570 4557 689 4621 Adhuc
709 4564 816 4621 autem
837 4556 894 4621 illo
917 4557 1067 4642 loquente
1090 4580 1162 4623 ecoe
1192 4559 1284 4624 turba
1312 4558 1431 4644 etqui

202 4660 377 4725 uocabatur
399 4659 489 4725 iudas
511 4681 593 4724 unus
615 4659 653 4724 de
676 4658 841 4724 duodecim
870 4659 1075 4726 antecedebat
1103 4683 1156 4727 ecs
1185 4671 1218 4728 et
1243 4662 1431 4748 appropians

359 4778 410 4823 eod.
425 4778 487 4824 corb.
1263 4767 1277 4817 7
