3467 5192
702 247 841 297 matteum
860 243 897 310 (c.
915 243 972 308 26).
1410 243 1451 307 23

227 414 295 480 eius
320 413 516 480 recumbenti
538 420 569 479 et
595 413 671 500 ipso.
725 412 738 451 ⁸
786 413 942 480 Uidentes
975 420 1081 480 autem
1116 410 1263 499 discipuli
1295 410 1452 496 indignati

227 523 301 583 sunt
323 517 470 583 dicentes.
494 522 531 582 ut
554 514 630 601 quid
652 514 788 602 perditio
809 518 897 582 haec.
911 517 924 554 3
937 517 1041 603 potuit
1067 516 1152 582 enim
1175 515 1254 580 istut
1275 513 1452 580 uenundari

227 626 259 686 et
280 619 348 685 dari
369 618 567 706 pauperibus.
593 617 621 656 ¹⁰
644 619 736 704 Quod
752 625 788 685 ut
810 619 959 704 cognouit
977 619 1028 684 ihs
1048 618 1131 684 dixit
1140 618 1213 684 illis.
1237 615 1313 702 quid
1327 615 1453 682 molesti

227 722 302 790 estis
323 722 398 788 huic
421 719 554 786 mulieri.
579 745 657 808 opus
680 722 765 786 enim
787 723 905 787 bonum
927 727 1054 808 operata
1076 726 1124 787 est
1145 720 1179 785 in
1201 743 1260 785 me.
1298 719 1323 754 33
1368 718 1452 783 Nam

226 847 380 911 pauperes
402 847 525 909 semper
546 824 669 889 habetis
692 824 862 890 uobiscum.
887 849 938 890 me
961 831 1067 890 autem
1093 846 1157 888 non
1186 845 1310 909 semper
1329 821 1453 888 habetis

227 927 398 994 uobiscum.
445 925 471 964 ¹²
515 927 646 992 Mittens
669 927 754 992 enim
777 928 855 993 haec
876 932 1074 1013 unguentum
1096 927 1156 992 hoc
1171 927 1204 991 in
1219 948 1331 1011 corpus
1346 948 1452 990 meum

227 1031 266 1095 ad
288 1029 504 1117 sepeliendum
527 1053 578 1093 me
600 1028 684 1096 fecit·
730 1028 756 1067 ¹³
799 1031 908 1096 Amen
930 1029 1000 1096 dico
1025 1030 1116 1094 uobis
1143 1027 1334 1113 ubicumque
1364 1050 1452 1113 prae·

227 1133 367 1199 dicatum
391 1131 488 1199 fuerit
509 1134 570 1198 hoc
593 1132 793 1217 euangelium
816 1132 849 1198 in
872 1138 938 1199 toto
961 1133 1077 1198 mundo
1096 1131 1219 1197 dicetur
1233 1135 1265 1196 et
1280 1130 1364 1215 quod
1378 1131 1457 1195 haec

227 1235 303 1301 fecit
326 1236 358 1300 in
381 1234 537 1300 memoria
559 1234 668 1316 ipsius.
716 1234 742 1271 ¹⁴
786 1236 877 1302 Tunc
903 1235 982 1301 obiit
1014 1259 1097 1301 unus
1130 1235 1169 1301 de
1202 1231 1367 1299 duodecim
1401 1232 1457 1317 qui

228 1338 344 1404 dicitur
366 1338 457 1403 iudas
479 1336 615 1404 scarioth
639 1339 678 1403 ad
700 1337 858 1425 principes
889 1339 1093 1404 sacerdotum.
1117 1336 1143 1377 ¹⁶
1159 1343 1192 1403 et
1221 1337 1266 1403 ait
1294 1336 1359 1402 illis
1379 1335 1456 1421 quid

229 1440 327 1506 uultis
361 1439 441 1505 mihi
463 1441 537 1504 dare
560 1445 592 1505 et
614 1463 672 1525 ego
694 1440 784 1506 uobis
806 1465 878 1506 eum
901 1442 1031 1506 tradam.
1076 1441 1131 1506 Ad
1153 1439 1203 1504 illi
1225 1439 1457 1517 constituerunt

229 1543 258 1611 ei
280 1543 392 1609 XXX
425 1549 588 1627 argenteos
600 1542 626 1581 1⁶
638 1549 670 1608 et
692 1543 809 1608 exinde
834 1546 995 1629 quaerebat
1023 1546 1288 1631 opportunitatem
1315 1547 1351 1607 ut
1383 1564 1457 1606 eum

229 1649 374 1714 traderet.

314 1748 465 1814 LXXII.
513 1747 540 1787 ¹⁷
584 1747 693 1813 Prima
715 1751 819 1813 autem
842 1747 895 1813 die
922 1772 1104 1834 azymorum
1133 1749 1336 1818 adcesserunt
1364 1746 1456 1813 disci·

230 1851 299 1938 puli
322 1852 361 1916 ad
384 1850 450 1915 ihm
474 1851 627 1916 dicentes
649 1851 702 1916 ubi
725 1851 775 1916 uis
798 1875 944 1938 paremus
966 1851 1025 1916 tibi
1042 1852 1231 1918 manducare
1259 1852 1384 1937 pascha.
1431 1847 1458 1887 ¹⁸

230 1954 283 2020 Ad
306 1954 361 2019 ille
383 1953 466 2019 dixit
490 1953 535 2019 eis
557 1953 602 2019 ite
624 1953 658 2018 in
681 1952 843 2020 ciuitatem
867 1955 906 2018 ad
929 1955 1096 2040 quemdam
1119 1960 1152 2020 et
1177 1954 1274 2019 dicite
1300 1953 1339 2018 ei.
1360 1952 1456 2039 magi·

231 2061 295 2122 ster
317 2055 394 2121 dicit
416 2061 541 2146 tempus
563 2081 669 2121 meum
693 2080 789 2143 prope
812 2062 868 2122 est.
901 2065 978 2143 aput
1006 2062 1038 2122 te
1070 2056 1152 2122 facio
1188 2080 1260 2122 cum
1297 2055 1458 2141 discipulis

230 2157 309 2223 meis
331 2159 454 2244 pascha.
502 2156 530 2195 ¹⁹
574 2159 617 2224 Et
639 2157 782 2225 fecerunt
804 2158 950 2245 discipuli
972 2159 1053 2226 sicut
1075 2159 1238 2226 coustituit
1263 2158 1327 2224 illis
1353 2158 1405 2222 ihs
1428 2164 1459 2224 et

230 2269 422 2347 parauerunt
444 2263 568 2346 pascha.
616 2259 643 2298 ²⁰
686 2262 827 2346 Uespere
854 2266 960 2326 autem
991 2262 1073 2328 fecto
1110 2261 1269 2328 discubuit
1300 2261 1352 2326 ihs
1386 2283 1458 2326 cum

231 2363 395 2430 duodecim
417 2362 581 2450 discipulis
603 2363 676 2428 suis.
724 2363 749 2400 ²²
793 2365 838 2429 Et
864 2364 1030 2430 edentibus
1060 2362 1124 2429 illis
1151 2364 1241 2430 dixit.
1274 2387 1366 2429 amen
1389 2362 1458 2429 dico

231 2467 321 2532 uobis
344 2466 427 2552 quod
456 2489 537 2531 uuus
565 2473 707 2531 uestrum
742 2491 791 2532 me
824 2466 998 2533 traditurus
1034 2478 1090 2532 est.
1136 2465 1163 2503 33
1206 2468 1251 2532 Et
1282 2465 1459 2532 contristati

231 2568 326 2636 nimis
349 2573 501 2655 ceperunt
528 2567 645 2653 singuli
667 2568 779 2634 dicere.
816 2569 993 2654 ¹Numquid
1014 2592 1072 2654 ego
1098 2593 1168 2636 sum
1197 2569 1267 2634 dire.
1314 2566 1340 2605 ²³
1384 2569 1459 2654 Ipse

231 2695 308 2738 uero
329 2671 519 2758 respondens
541 2671 586 2736 ait
609 2671 664 2756 qui
685 2671 816 2756 intingit
839 2672 930 2738 meoli
953 2696 1082 2737 manum
1104 2671 1138 2737 in
1160 2671 1326 2760 parapside
1340 2671 1394 2736 hic
1408 2695 1460 2743 me

231 2776 343 2841 tradet.
360 2773 388 2811 ²⁴
397 2773 482 2839 filius
504 2773 632 2859 quidem
655 2774 793 2840 hominis
815 2774 905 2841 uadit
927 2774 1009 2841 sicut
1031 2774 1150 2862 scriptl'l
1168 2781 1216 2842 est
1241 2776 1281 2841 de
1299 2773 1364 2840 illo.
1399 2797 1459 2839 uae

232 2883 337 2942 autem
359 2876 481 2943 homini
502 2876 550 2940 illi
572 2899 629 2963 per
651 2887 713 2963 que
736 2877 820 2942 filius
843 2877 982 2943 hominis
1004 2879 1146 2944 tradetur
1170 2879 1288 2944 bonum
1315 2882 1383 2943 erat
1404 2877 1458 2942 ho·

232 2981 311 3044 mini
332 2979 380 3045 illi
403 3002 466 3044 non
488 2979 584 3045 nasci.
631 2977 657 3018 33
708 2980 916 3066 Respondeas
943 2988 1049 3046 autem
1078 2981 1169 3046 iudas
1198 2979 1254 3066 qui
1287 2977 1460 3046 traditurus

233 3107 304 3149 eum
328 3087 396 3147 erat
417 3081 499 3146 dixit
520 3081 675 3165 numquid
698 3105 754 3167 ego
777 3105 846 3148 sum
871 3082 968 3148 rabbi.
1002 3083 1063 3149 Ait
1084 3081 1132 3147 illi
1158 3082 1209 3146 ihs
1230 3088 1267 3147 tu
1286 3079 1405 3146 dixisti.
1434 3079 1461 3118 33

232 3184 316 3272 Ipsis
339 3191 445 3250 autem
473 3183 677 3250 caenantibus
703 3184 823 3272 accepit
848 3184 900 3250 ihs
923 3209 1038 3272 panem
1062 3191 1094 3250 et
1115 3183 1280 3251 benedixit
1306 3207 1342 3250 ao
1367 3182 1463 3268 fregit

234 3298 265 3354 et
288 3288 375 3354 dedit
396 3287 558 3373 discipulis
580 3287 648 3353 suis
671 3286 777 3354 dicens
800 3288 933 3375 accipite
956 3294 989 3354 et
1010 3288 1176 3354 maducate
1198 3289 1258 3353 hoc
1279 3291 1327 3353 est
1349 3309 1460 3374 corpus

233 3414 347 3456 meum.
395 3388 421 3428 ²⁷
466 3391 510 3455 Et
532 3389 694 3476 adcipieus
718 3391 847 3458 calicem
870 3391 987 3477 gratias
1010 3391 1076 3477 egit
1098 3397 1129 3458 et
1151 3391 1238 3458 dedit
1264 3390 1329 3455 illis
1356 3389 1463 3456 dicens

233 3492 332 3558 bibite
353 3517 395 3558 ex
418 3515 454 3558 eo
477 3515 592 3557 omnes.
606 3491 634 3530 ²⁸
649 3492 714 3558 Hic
737 3499 784 3559 est
806 3495 892 3558 enim
915 3493 1043 3580 sanguis
1067 3518 1157 3560 meus
1175 3493 1252 3559 noui
1281 3492 1461 3560 testament'

234 3595 289 3680 qui
311 3619 366 3682 pro
398 3593 506 3660 multis
535 3595 717 3661 effundetur
743 3594 777 3660 in
807 3596 1024 3662 remissionem
1052 3603 1262 3684 peccatorum.
1310 3594 1337 3633 ²⁹
1379 3594 1463 3660 Dico
1544 3641 1548 3650 -

234 3705 340 3764 autem
362 3697 452 3763 uobis
474 3697 623 3783 quoniam
645 3721 710 3762 non
731 3698 836 3764 bibam
859 3699 971 3764 amodo
993 3700 1032 3764 de
1055 3700 1115 3764 hac
1136 3705 1280 3764 creatura
1312 3697 1388 3764 uitis
1415 3720 1463 3763 us·

235 3825 296 3886 que
318 3802 353 3864 in
375 3799 459 3866 diem
481 3799 572 3865 illum
596 3823 667 3865 cum
691 3800 769 3867 illud
791 3801 897 3866 bibam
920 3801 1082 3867 uobiscum
1104 3825 1223 3867 nouum
1247 3801 1279 3865 in
1296 3823 1392 3885 regno
1412 3823 1462 3886 pa·

234 3903 291 3968 tris
314 3902 385 3967 mei.
432 3900 461 3939 33
505 3903 548 3968 Et
569 3903 688 3987 hymno
710 3903 792 3969 dicto
816 3901 963 3971 exierunt
984 3903 1018 3968 in
1040 3909 1181 3969 montem
1203 3902 1323 3969 oliueti.

321 4005 491 4070 LXXIII.
537 4003 563 4041 ³¹
608 4005 700 4071 Tunc
722 4005 798 4072 dicit
820 4006 883 4071 illis
905 4007 965 4072 ihs.
990 4030 1099 4072 omnes
1127 4029 1185 4072 uos
1211 4006 1394 4072 scandalum
1412 4030 1463 4093 pa·

236 4106 361 4174 tiemini
383 4107 418 4170 in
440 4130 491 4172 me
513 4107 546 4172 in
569 4107 630 4173 ista
652 4115 753 4174 nocte.
777 4108 993 4196 scriptumest
1017 4109 1101 4174 enim
1118 4108 1292 4195 percutiam
1308 4115 1465 4195 pastorem

237 4216 269 4276 et
290 4209 510 4296 dispargentur
532 4232 607 4276 oues
628 4209 741 4295 gregis.
787 4207 814 4247 33
857 4213 1030 4297 Postquam
1057 4233 1257 4276 resurrexero
1280 4212 1466 4297 praecedam

237 4335 294 4376 uos
316 4311 349 4376 in
372 4311 514 4396 galilaea.
562 4311 588 4350 33
631 4315 839 4401 Respondeas
862 4326 968 4379 autem
990 4320 1100 4401 petrus
1122 4313 1168 4379 ait
1190 4313 1217 4378 si
1241 4336 1349 4380 ornnes
1377 4336 1465 4381 scan-

236 4413 456 4479 dalizabuntur
477 4413 511 4478 in
533 4419 573 4480 te.
598 4439 655 4499 ego
680 4441 842 4503 nunquam
864 4416 1107 4483 scandalizabor.
1154 4416 1182 4455 ³4
1225 4415 1315 4483 Dicit
1337 4415 1385 4481 illi
1414 4415 1466 4480 ihs

237 4540 329 4581 amen
350 4514 420 4582 dico
442 4515 500 4583 tibi
523 4518 606 4602 quod
628 4519 688 4584 hac
709 4527 805 4586 nocte
823 4525 993 4606 antequam
1014 4522 1115 4605 gallus
1138 4525 1245 4588 cantet
1266 4526 1315 4585 ter
1337 4542 1388 4584 me
1410 4542 1464 4584 ne·

238 4617 334 4704 gabis.
380 4616 407 4657 ³⁶
450 4618 511 4686 Ait
536 4619 584 4685 illi
616 4626 725 4707 petrus
751 4622 876 4690 etiamsi
904 4622 932 4689 si
961 4647 1011 4689 me
1044 4622 1218 4709 oportuerit
1246 4621 1326 4687 mori
1358 4628 1467 4688 tecum
