3467 5192
293 263 338 329 40
724 263 758 327 (c.
779 263 807 330 7)
827 262 1008 328 euangelium
1034 277 1090 315 sec.

296 431 378 497 dixit
399 456 470 499 mea
492 433 634 498 doctrina
657 456 718 497 non
742 443 789 498 est
814 432 906 515 [mea]
929 431 985 496 sed
1008 430 1076 496 eins
1099 431 1154 515 qni
1178 429 1264 494 misit
1285 453 1346 494 me.
1363 428 1391 468 ¹⁷
1402 428 1429 493 si
1453 427 1527 513 quis

292 534 433 600 uoluerit
455 535 652 600 uoluntatem
676 533 744 600 eius
766 533 870 600 facere
899 538 1064 619 cognoscet
1098 532 1137 598 de
1167 531 1309 598 doctrina
1342 538 1450 596 utrum
1484 553 1526 594 ex

293 637 333 701 do
355 642 404 702 est
426 660 465 701 an
490 660 547 718 ego
570 660 588 701 a
612 660 661 702 me
683 637 752 722 ipso
774 638 895 722 loquar.
910 634 1003 722 l⁸qui
1033 659 1052 700 a
1081 635 1250 720 semetipso
1281 633 1425 718 loquitur
1456 632 1526 718 glo·

289 738 370 804 riam
392 762 482 803 suam
505 739 664 824 propriam
687 739 790 823 querit
812 739 867 824 qni
883 747 989 803 autem
1009 737 1113 822 querit
1134 737 1265 822 gloriam
1288 736 1357 801 eius
1378 735 1434 822 qui
1462 735 1520 799 mi·

290 840 333 908 sit
354 864 427 906 eum
451 839 525 922 [hic]
550 864 649 906 uorax
672 848 720 905 est
742 848 774 907 ot
796 840 955 906 iniustitia
977 840 1011 905 in
1033 840 1089 904 illo
1110 863 1173 904 non
1198 846 1253 904 est.
1269 837 1412 902 ¹”nonne
1434 862 1519 922 moy·

290 967 339 1008 sos
363 942 450 1008 dedit
472 943 562 1008 nobis
584 945 685 1029 legem
711 944 753 1025 [et
775 967 868 1009 nemo
895 966 935 1007 ex
958 943 1047 1007 uobis
1073 942 1151 1007 facit
1182 943 1296 1026 legem]
1313 939 1342 978 ²⁰
1357 941 1434 1026 quid
1467 963 1521 1005 me

290 1044 423 1130 queritis
444 1044 630 1111 interficere.
678 1046 855 1131 Respondit
878 1047 973 1112 turba
992 1052 1025 1110 et
1039 1044 1122 1109 dixit
1137 1042 1317 1109 demonium
1333 1043 1431 1108 habes
1446 1041 1519 1126 quis

288 1157 321 1211 tc
343 1147 448 1232 querit
469 1147 655 1213 interficere.
701 1146 727 1184 ²¹
772 1148 950 1234 Respondit
971 1147 1023 1213 ihs
1047 1155 1079 1212 et
1106 1146 1197 1212 dixit.
1224 1169 1323 1210 unum
1356 1155 1434 1230 opus
1457 1144 1518 1210 feci

289 1256 321 1316 et
343 1272 451 1316 omnes
473 1249 644 1314 miramini.
659 1247 862 1336 28propterea
885 1273 1009 1336 moyses
1031 1249 1118 1314 dedit
1141 1249 1230 1313 nobis
1246 1245 1518 1313 circumcisionem

287 1375 351 1418 non
374 1352 450 1436 quia
472 1376 512 1416 ex
536 1375 644 1437 moyse
667 1359 715 1417 est
737 1355 792 1418 sed
814 1378 854 1417 ex
877 1353 1018 1440 patribus
1041 1357 1073 1418 et
1094 1351 1127 1416 in
1147 1352 1275 1416 sabbato
1292 1348 1520 1414 circumciditis

287 1455 459 1521 hominem.
474 1453 500 1491 ²³
513 1455 540 1519 si
562 1455 832 1520 circumcisionem
855 1455 974 1541 adcipit
995 1457 1090 1519 homo
1111 1454 1240 1519 sabbato
1262 1461 1299 1518 ut
1324 1475 1388 1516 non
1416 1452 1515 1516 solua·

287 1563 340 1623 tur
361 1559 414 1622 lex
436 1557 539 1642 moysi
561 1557 640 1620 mihi
664 1557 874 1642 indignamini
897 1557 972 1643 qnia
994 1564 1096 1622 totum
1119 1555 1248 1621 homine
1271 1578 1383 1620 sanum
1404 1552 1467 1618 feci
1482 1553 1518 1618 in

288 1661 426 1725 sabbato.
440 1658 468 1695 ²⁴
478 1658 578 1724 nolite
600 1658 740 1724 iudicare
762 1660 935 1725 secundum
959 1659 1073 1725 faciem
1095 1659 1149 1724 sed
1172 1656 1454 1723 iustumindiciurn
1471 1656 1514 1720 iu·

286 1761 398 1828 dicate.
412 1759 440 1799 ²⁵
450 1761 597 1827 dicebant
618 1784 691 1845 ergo
715 1762 843 1846 quidam
865 1786 906 1826 ex
928 1761 1148 1847 hierosolymis
1170 1783 1275 1824 nonne
1289 1758 1342 1824 hio
1357 1766 1406 1824 est
1420 1782 1516 1844 quern

287 1871 444 1949 quaerunt
466 1863 616 1929 occidere.
631 1862 702 1929 ²⁶et
724 1886 796 1929 ecce
825 1865 928 1950 palam
960 1864 1099 1948 loquitur
1132 1872 1164 1928 et
1197 1862 1278 1926 nihil
1314 1862 1364 1945 [ei]
1394 1861 1513 1927 dicunt.

286 1965 444 2053 numquid
468 1965 549 2031 forte
571 1990 646 2032 uere
670 1975 885 2052 cognouerunt
906 1966 1065 2052 principes
1088 1967 1163 2051 quia
1184 1964 1237 2030 hic
1259 1972 1307 2030 est
1324 1969 1395 2051 xps.
1415 1964 1442 2004 ²⁷
1459 1966 1514 2030 sed

286 2068 371 2134 hunc
392 2067 509 2134 scimus
531 2069 615 2134 unde
637 2069 686 2134 sit.
710 2073 771 2154 xpd
794 2076 900 2134 autam
924 2092 996 2133 cum
1026 2069 1151 2133 uenerit
1179 2091 1271 2132 nemo
1288 2069 1348 2133 scit
1369 2067 1516 2133 undosit.

287 2168 314 2208 ²⁸
325 2171 480 2236 clamabat
514 2178 618 2237 autem
654 2171 688 2236 in
719 2172 836 2257 templo
873 2171 1007 2253 [docens]
1044 2173 1095 2235 ihs
1131 2178 1163 2235 et
1192 2170 1298 2235 dicens
1326 2179 1357 2236 et
1384 2193 1435 2234 me
1458 2193 1512 2234 no·

286 2272 326 2338 tis
347 2280 379 2339 et
401 2273 488 2340 scitis
510 2274 594 2338 unde
617 2273 675 2338 sim
700 2281 731 2338 et
754 2297 772 2337 a
795 2297 845 2337 me
868 2274 936 2360 ipso
958 2298 1021 2338 non
1044 2273 1119 2338 ueni
1142 2274 1196 2338 sed
1220 2288 1266 2338 est
1281 2296 1376 2338 uerus
1391 2272 1446 2357 qui
1461 2297 1515 2338 me

286 2375 373 2440 misit
395 2399 488 2460 quem
512 2399 570 2441 uos
592 2399 654 2441 non
677 2375 773 2441 scitis.
787 2375 884 2460 ²lego
906 2393 1012 2441 autem
1036 2376 1111 2440 noui
1139 2375 1230 2440 illurn
1261 2375 1358 2460 [quia]
1383 2375 1513 2462 abipso

285 2500 354 2542 sum
385 2486 417 2543 et
445 2480 513 2564 ipsa
547 2503 596 2544 me
630 2478 725 2543 misit.
739 2476 767 2515 ³⁰
779 2479 954 2562 querebant
987 2502 1060 2564 ergo
1094 2502 1165 2543 eum
1200 2479 1435 2564 adprehendere
1470 2478 1514 2559 [et

285 2580 389 2662 nemo]
413 2580 499 2646 misit
521 2581 555 2645 in
577 2581 667 2645 illurn
692 2604 803 2646 manus
826 2581 901 2666 quia
923 2581 1062 2646 nondum
1095 2587 1226 2646 uenerat
1254 2582 1331 2645 hora
1361 2580 1438 2646 eius.
1484 2578 1510 2617 ³¹

285 2682 335 2747 Da
357 2683 450 2746 turba
472 2690 579 2748 autem
602 2683 696 2748 multi
718 2683 918 2748 crediderunt
940 2683 973 2746 in
996 2684 1037 2746 cti
1061 2691 1092 2748 et
1118 2683 1274 2748 dicebant.
1303 2689 1364 2768 xps
1392 2684 1430 2748 cri
1456 2706 1509 2746 ue·

283 2783 367 2848 nerit
388 2785 543 2870 numquid
565 2786 657 2871 plura
680 2786 770 2868 signa
792 2785 888 2851 faciet
910 2790 975 2869 qna
997 2809 1060 2871 que
1087 2786 1140 2849 hic
1169 2785 1252 2850 facit.
1310 2782 1337 2821 ³²
1391 2785 1511 2850 Audie—

282 2891 357 2950 runt
379 2886 538 2971 pharisaei
560 2889 683 2952 turbam
707 2896 959 2953 murmurantem
981 2888 1020 2952 de
1042 2887 1106 2952 illo.
1132 2893 1163 2953 et
1184 2887 1340 2952 miserunt
1351 2886 1512 2973 principes

282 2988 477 3052 sacerdotum
512 2998 544 3053 et
576 2990 734 3075 pharisaei
768 2990 929 3055 ministros
960 2998 996 3055 ut
1030 2991 1302 3076 adprehenderent
1338 2989 1437 3053 illum.
1483 2988 1514 3028 ³³

281 3089 376 3154 Dixit
398 3101 502 3155 autem
527 3091 587 3156 ihs.
611 3093 714 3157 adhuc
736 3101 863 3178 tempus
885 3093 1041 3158 modicum
1073 3093 1235 3157 uobiscum
1259 3116 1327 3157 sum
1364 3107 1395 3157 et
1428 3093 1513 3157 uado

281 3192 320 3256 ad
343 3193 431 3256 illum
457 3193 512 3277 qui
535 3194 621 3259 misit
645 3218 703 3260 me.
717 3192 905 3280 ³⁴quaeretis
927 3219 977 3259 me
1001 3205 1032 3258 et
1055 3219 1117 3259 non
1133 3194 1305 3260 inuenietis
1320 3202 1352 3260 ot
1369 3195 1421 3260 ubi
1438 3219 1508 3260 sum

282 3318 340 3379 ego
363 3317 418 3360 uos
441 3319 504 3360 non
527 3297 658 3382 potestis
687 3296 807 3362 uenire..
854 3296 883 3336 ³⁵
926 3296 1087 3361 Dixernnt
1118 3320 1190 3380 ergo
1217 3296 1324 3362 iudaei
1352 3298 1391 3361 ad
1424 3296 1513 3383 ipsos

281 3420 343 3482 quo
365 3397 417 3462 hic
439 3399 541 3464 iturus
565 3406 611 3465 est
634 3398 707 3483 quia
731 3421 794 3464 non
817 3399 1018 3464 inueniemus
1040 3422 1123 3464 eum.
1151 3400 1305 3485 numquid
1326 3399 1360 3464 in
1389 3399 1507 3485 disper·

279 3498 399 3565 sionem
422 3524 585 3586 grecorum
611 3501 772 3584 [gentium]
797 3501 911 3587 incipit
932 3501 977 3566 ire
1001 3513 1033 3566 et
1055 3501 1166 3567 docere
1188 3500 1363 3589 eos³⁶quis
1386 3508 1433 3567 est
1455 3501 1511 3567 hic

279 3623 381 3667 sermo
404 3626 498 3687 quem
522 3603 612 3668 dixit.
637 3603 776 3687 queretis
799 3628 849 3668 me
873 3610 905 3668 et
926 3626 990 3668 non
1012 3603 1165 3670 inuenitis
1173 3607 1210 3685 (l)
1225 3611 1258 3669 et
1279 3604 1333 3669 ubi
1357 3627 1414 3689 ego
1436 3626 1507 3670 sum

278 3727 335 3770 uos
357 3729 421 3770 non
443 3705 574 3791 potestis
596 3705 715 3772 uenire.

362 3807 441 3875 XV.
488 3805 515 3846 ³⁷
558 3809 598 3872 In
622 3807 794 3873 nouissimo
817 3816 922 3875 autern
945 3808 1072 3874 dioillo
1097 3832 1210 3893 magno
1232 3809 1284 3874 die
1306 3808 1379 3874 festi
1402 3811 1507 3875 stabat

277 3908 328 3972 ihs
352 3916 383 3973 at
406 3910 561 3974 clamabat
582 3909 699 3981 dicens.
723 3911 749 3975 si
773 3910 844 3994 quis
866 3911 934 3976 sitit
960 3911 1071 3975 ueniat
1099 3911 1138 3976 ad
1169 3936 1221 3977 me
1249 3918 1280 3977 et
1302 3911 1397 3976 bibat.
1411 3909 1506 3994 ⁸⁸qui

277 4011 376 4075 credit
398 4010 432 4075 in
454 4035 505 4075 me
527 4011 608 4076 sicut
629 4011 712 4077 dixit
741 4012 903 4099 scriptura
932 4013 1064 4078 flumina
1086 4014 1126 4078 de
1159 4019 1270 4079 uentre
1305 4014 1373 4079 eius
1405 4015 1507 4079 fluent

276 4135 377 4197 aquae
400 4112 504 4177 uiuae.
550 4111 578 4150 ³⁹
622 4115 694 4179 Hoc
716 4122 822 4180 autem
844 4115 969 4181 dicebat
991 4117 1029 4180 de
1052 4116 1111 4202 spii
1134 4139 1228 4201 quern
1251 4116 1423 4203 incipiebat
1451 4116 1504 4181 ad-

277 4214 380 4300 cipere
403 4215 566 4281 credentes
589 4216 623 4280 in
646 4239 728 4281 eum.
758 4218 900 4282 nondum
923 4226 1030 4283 autem
1053 4224 1121 4283 erat
1149 4223 1202 4304 spd
1228 4219 1320 4286 datus
1351 4220 1426 4305 quia
1453 4219 1506 4282 ihs

276 4317 416 4381 nondum
432 4316 536 4382 fuerat
547 4319 780 4386 honorificatus.
825 4318 854 4356 ⁴⁰
898 4321 949 4384 De
969 4321 1061 4385 turba
1073 4328 1178 4386 autem
1192 4345 1262 4386 cum
1275 4322 1436 4386 audissent
1446 4322 1504 4385 hos

275 4440 435 4484 sermone-s
458 4419 526 4485 eius
549 4420 696 4487 dicebant
718 4422 769 4487 hia
792 4431 839 4487 est
859 4446 934 4487 uere
950 4423 1112 4508 propheta.
1126 4422 1152 4459 ⁴¹
1165 4425 1220 4489 alii
1231 4423 1378 4488 dicebant
1390 4422 1441 4488 hic
1456 4431 1504 4487 est

274 4525 344 4607 xpi.
362 4522 491 4606 quidam
516 4530 620 4589 antem
646 4525 801 4589 dicebant.
826 4524 1012 4609 numquida
1022 4525 1157 4610 galilaea
1171 4530 1233 4612 xpd
1249 4524 1347 4590 uenit.
1360 4523 1388 4562 ⁴²
1398 4547 1507 4589 nonne

273 4623 428 4710 scriptura
451 4626 528 4691 dicit
552 4626 627 4710 quia
649 4649 688 4689 ex
713 4625 832 4692 semine
855 4626 951 4692 dauid
973 4634 1005 4691 et
1027 4651 1046 4692 a
1067 4627 1206 4693 bethlem
1222 4627 1349 4692 castello
1365 4626 1421 4692 ubi
1436 4634 1507 4693 erat
