3467 5192
291 263 353 328 110
711 264 748 328 (c.
777 265 806 329 6)
834 264 1015 329 euangelium
1037 280 1093 318 sec.

289 430 441 498 exeuntes
463 433 686 519 praedicabant
708 439 744 500 91
764 434 941 520 penitentia
964 442 1103 520 agerent.
1150 434 1176 474 ¹³
1220 437 1264 502 Et
1286 443 1384 502 multa
1412 438 1516 505 demo·

288 535 342 600 nia
365 535 520 601 eiciebant
543 543 574 601 91
602 537 821 621 unguebantes
851 538 920 603 oleo
954 540 1071 605 multos
1105 562 1214 624 aegros
1247 546 1279 604 et
1312 549 1514 607 sanauerunt.

373 637 509 704 XVIII.
556 637 583 675 ¹⁴
625 639 670 704 Et
692 638 817 705 audiuit
838 663 895 705 rex
925 641 1058 707 herodes
1090 641 1293 707 manifestum
1327 645 1379 707 991
1411 643 1518 710 fuerat

289 741 336 806 illi
358 763 473 806 nomen
497 741 565 806 9199
588 749 620 806 91
641 740 789 808 dicebant
810 742 894 828 quod
916 742 1063 809 iohannis
1089 743 1226 830 baptista
1252 745 1475 812 resurrexisset
1497 772 1516 812 a

289 845 421 911 mortuis
444 855 476 910 et
499 844 570 909 ideo
593 843 729 910 uirtutes
755 845 789 910 in
818 844 873 910 illo
907 845 1194 912 9119199199119111
1228 856 1334 912 autem
1369 849 1515 915 dicebant

289 949 372 1032 quod
395 947 495 1012 helias
528 945 618 1013 uenit
647 947 703 1012 alii
730 971 805 1013 uero
839 947 915 1033 quid
949 971 1031 1013 unus
1064 949 1103 1014 de
1134 949 1304 1036 prophetis.
1350 950 1378 990 11
1421 950 1515 1036 Quod

289 1050 395 1116 9991119
418 1049 549 1115 herodes
571 1049 662 1115 dixit.
708 1048 813 1134 Quem
836 1073 894 1136 ego
927 1051 1084 1116 deoollaui
1114 1051 1166 1117 hic
1197 1058 1246 1118 991
1277 1052 1430 1120 iohannes
1462 1055 1514 1120 hic

288 1151 460 1218 resurrexit
481 1175 500 1216 a
521 1151 663 1218 mortuis.
710 1151 736 1190 11
779 1154 854 1239 1999
876 1151 962 1218 enim
993 1154 1126 1220 herodes
1154 1153 1242 1218 misit
1268 1162 1301 1219 et
1332 1155 1436 1222 tenuit
1468 1157 1512 1223 io·

288 1255 427 1321 hannem
450 1262 482 1320 et
504 1253 656 1339 adligauit
678 1279 750 1321 eum
774 1263 806 1321 et
827 1255 915 1321 misit
936 1255 970 1320 in
1003 1279 1158 1322 carcerem
1187 1265 1315 1343 propter
1343 1258 1516 1324 herodiade

288 1382 418 1425 uxorem
440 1357 577 1444 philippi
599 1357 704 1423 fratris
726 1356 776 1423 sui
798 1359 882 1443 quod
904 1381 972 1423 eam
997 1381 1129 1424 uxorem
1152 1358 1302 1424 duxisset.
1349 1358 1376 1396 11
1418 1360 1514 1426 Dice·

288 1463 341 1528 bat
363 1460 447 1526 enim
470 1460 581 1526 herodi
602 1459 765 1526 iohannes.
788 1485 851 1526 non
874 1460 948 1526 licet
969 1460 1028 1527 tibi
1049 1461 1165 1527 habere
1184 1484 1317 1527 uxorem
1334 1461 1440 1528 fratris
1455 1465 1513 1528 tui.

289 1563 316 1602 11
359 1563 504 1629 Herodes
526 1569 633 1628 autem
656 1562 864 1628 insidiabatur
886 1563 935 1628 illi
958 1571 990 1629 et
1012 1565 1182 1649 quaerebat
1203 1563 1345 1630 occidere
1367 1563 1460 1630 illum
1483 1579 1517 1631 et

288 1689 351 1732 non
373 1671 504 1752 poterat.
518 1663 687 1731 1119999199
709 1665 794 1730 enim
817 1665 950 1732 timebat
971 1665 1142 1731 iohannem
1172 1665 1274 1732 sciens
1306 1691 1379 1732 eum
1409 1667 1515 1733 uirum

288 1769 407 1834 iustum
430 1774 462 1833 et
484 1774 628 1834 sanctum
650 1776 683 1834 et
704 1769 892 1834 obseruabat
913 1768 1005 1833 Illum
1027 1776 1060 1834 et
1081 1769 1190 1834 audito
1222 1791 1260 1834 eo
1292 1769 1393 1835 multa
1423 1769 1515 1836 facie

287 1873 341 1937 bat
362 1878 394 1936 91
415 1870 550 1936 libenter
572 1869 720 1936 audiebat
744 1870 845 1936 illum.
893 1869 919 1907 11
964 1869 1046 1935 (lum
1082 1870 1148 1936 dies
1181 1877 1288 1936 autern
1322 1880 1517 1958 opportunus

288 1973 455 2039 addidisset
477 1973 602 2038 herodis
624 1973 738 2038 natalis
761 1973 809 2039 sui
833 1972 909 2039 fecit
931 1997 1042 2039 cenam
1064 1972 1259 2058 principibus
1282 1980 1313 2039 et
1336 1973 1469 2040 tribunis
1484 1982 1518 2040 et

288 2076 408 2162 primus
430 2075 563 2160 galileae
576 2074 767 2140 11191991999
790 2083 896 2141 autern
918 2076 985 2140 filia
1006 2075 1105 2162 ipsius
1131 2075 1310 2142 herodiadis
1339 2082 1371 2142 et
1391 2084 1512 2144 9911999.

289 2202 360 2244 cum
384 2179 527 2244 saltasset
548 2178 668 2264 placuit
689 2177 800 2243 herodi
815 2184 848 2243 et
863 2177 959 2243 simul
979 2178 1254 2244 descumbentibus
1264 2179 1300 2263 (1)
1343 2179 1439 2245 Dixit
1459 2204 1516 2246 rex

289 2282 413 2368 puellae
434 2289 507 2369 9919
529 2305 548 2346 9
570 2305 620 2347 me
643 2281 728 2366 quod
752 2281 800 2346 uis
829 2288 861 2346 et
894 2281 974 2360 dabo
1007 2279 1149 2346 1119111191
1183 2281 1302 2348 1999911
1333 2282 1382 2347 1111
1415 2283 1516 2348 multa

288 2385 363 2471 quia
385 2385 604 2472 quodcumque
625 2407 676 2450 me
697 2383 825 2470 99119919
847 2383 928 2448 dabo
950 2383 1009 2449 tibi
1032 2384 1128 2449 etiam
1157 2383 1185 2450 91
1222 2384 1390 2450 dimidium
1426 2385 1514 2470 regni

287 2489 362 2553 mei.
408 2486 436 2524 11
479 2486 550 2572 Qua
573 2509 644 2552 eum
668 2487 785 2552 exisset
806 2485 889 2552 dixit
911 2485 1006 2551 matri
1028 2509 1103 2552 suae
1126 2485 1203 2572 quid
1224 2493 1331 2572 petam
1353 2488 1409 2553 illa
1439 2511 1518 2553 uero

287 2588 371 2655 dixit
393 2596 487 2676 99991
509 2588 655 2654 iohannis
679 2591 841 2675 baptistae.
888 2587 916 2628 11
965 2587 1112 2674 Cumque
1143 2589 1305 2656 introisset
1336 2591 1376 2655 ad
1408 2613 1515 2676 regem

289 2691 452 2759 confestim
477 2691 559 2756 dixit
580 2691 620 2756 da
642 2691 722 2756 mihi
745 2691 780 2756 in
800 2691 887 2757 disco
911 2701 1005 2778 99991
1026 2691 1173 2756 iohannis
1199 2690 1435 2778 ’9991191991191
1464 2696 1514 2757 cd·

287 2795 430 2860 tristatus
453 2801 501 2861 991
523 2817 581 2859 rex
602 2802 638 2860 ut
660 2793 782 2859 audiuit
805 2801 932 2879 9999199
954 2793 1174 2860 iusiurandum
1196 2802 1302 2859 991999
1329 2804 1361 2860 91
1390 2800 1517 2880 9999199

288 2897 383 2964 simul
408 2898 627 2983 recumbentes
648 2897 751 2962 noluit
772 2919 840 2962 eam
870 2896 1055 2963 contristare
1068 2896 1161 2962 119991
1193 2896 1288 2963 misso
1321 2897 1519 2982 speculatore

287 2999 428 3088 precepit
450 2998 565 3066 adferri
589 3007 683 3085 caput
709 2999 785 3065 eius.
842 3000 887 3064 Et
920 3023 991 3065 oum
1025 2999 1141 3065 abisset
1173 2999 1342 3064 decollauit
1375 3022 1448 3063 eum
1481 2997 1513 3061 in

288 3125 453 3170 carcerem.
499 3100 526 3140 11
569 3103 613 3168 Et
635 3102 750 3168 adtulit
772 3109 866 3188 caput
888 3101 957 3168 eius
981 3102 1014 3167 in
1036 3103 1127 3167 19999
1149 3109 1181 3168 91
1196 3102 1283 3168 dedit
1297 3101 1375 3166 illud
1389 3101 1515 3188 puellae

286 3207 393 3293 puella
415 3211 520 3270 autem
552 3205 639 3270 dedit
670 3205 763 3270 matri
796 3227 882 3269 9999.
928 3203 956 3242 11
1000 3203 1094 3289 Quod
1127 3204 1234 3269 audito
1267 3203 1413 3290 discipuli
1446 3204 1517 3268 eius

287 3315 445 3374 uenerunt
467 3314 499 3373 et
521 3307 663 3373 19199991
684 3329 796 3393 999999
821 3306 890 3372 9199
912 3315 946 3372 91
967 3314 1141 3393 posuerunt
1157 3307 1237 3372 illud
1251 3307 1285 3372 in
1300 3314 1514 3372 monumento,

288 3411 317 3449 11
359 3411 403 3475 Et
436 3416 656 3476 concertantes
693 3409 827 3496 apostoli
859 3410 899 3474 ad
932 3409 1000 3474 ihm
1039 3409 1303 3476 renuntiauerunt
1339 3408 1370 3473 91
1409 3407 1515 3473 omnia

288 3537 368 3601 quae
384 3513 526 3578 19999991
541 3518 574 3578 91
585 3513 769 3578 docuerunt.
804 3510 830 3549 11
863 3512 908 3578 Et
924 3511 969 3577 ait
990 3511 1053 3578 illis
1074 3512 1127 3576 ihs
1148 3513 1258 3578 uenite
1280 3535 1387 3577 eamus
1409 3511 1443 3576 in
1466 3511 1515 3574 de·

287 3623 406 3684 sertum
427 3615 531 3682 locum
554 3622 586 3681 et
608 3615 797 3700 requiescite
818 3615 981 3701 pusillum.
1026 3616 1128 3681 119991
1150 3613 1235 3680 enirn
1259 3613 1388 3698 quidam
1403 3620 1519 3678 euntes

287 3727 320 3785 et
341 3718 502 3784 redeuntis
516 3721 553 3800 (l)
568 3726 601 3784 91
615 3741 655 3783 ne
671 3717 883 3784 manducandi
898 3717 1033 3804 spatium
1049 3718 1193 3783 habebat.
1228 3715 1255 3754 11
1287 3714 1515 3782 1199999199-

287 3821 328 3888 119
341 3824 376 3903 (1)
400 3820 433 3885 19
456 3820 532 3886 9991
554 3820 700 3886 abierunt
714 3819 748 3884 in
763 3820 922 3886 desertum
939 3821 1043 3886 locum
1059 3825 1188 3886 secreto.
1201 3817 1228 3857 11
1241 3827 1272 3885 91
1290 3818 1442 3884 uiderunt
1463 3840 1518 3883 eos

287 3926 439 3990 abeuntes
462 3931 493 3989 91
515 3913 731 4008 cognoueiuut
752 3923 845 3989 multi
867 3930 900 3988 et
921 3923 1082 4009 pedestres
1105 3924 1144 3988 ab
1167 3921 1314 3987 omnibus
1333 3919 1517 3988 ciuitatibus

287 4029 510 4093 concurrerunt
533 4026 608 4092 illuc
630 4030 663 4090 et
684 4030 842 4091 uenerunt
863 4025 949 4091 illuc.

372 4129 474 4194 XIX.
519 4127 547 4166 11
590 4128 634 4192 Et
656 4127 766 4194 exiens
788 4134 821 4194 et
842 4128 956 4194 uidens
978 4128 1031 4193 ihs
1053 4129 1160 4193 turbas
1182 4128 1298 4193 multas
1321 4135 1353 4193 et
1367 4125 1518 4191 misertus

289 4239 338 4299 991
361 4232 423 4298 11119
446 4231 521 4316 quia
545 4239 634 4296 erant
665 4230 748 4297 sicut
780 4253 856 4297 oues
890 4230 1006 4316 quibus
1038 4235 1081 4294 nb
1115 4240 1182 4296 9991
1211 4236 1316 4316 pastor
1348 4237 1381 4294 91
1414 4227 1517 4314 999911

288 4337 399 4402 docere
422 4357 477 4400 eos
499 4335 609 4399 multa.
655 4331 682 4371 11
725 4335 861 4400 Etcum
883 4333 947 4398 iam
970 4334 1048 4398 hora
1074 4339 1173 4399 multa
1201 4334 1292 4398 fieret
1317 4335 1518 4398 accesserunt

287 4436 435 4524 discipuli
458 4437 525 4502 eius
548 4435 696 4503 dicentes.
722 4437 862 4503 desertus
885 4436 972 4524 19999
1002 4440 1050 4502 991
1077 4443 1110 4502 91
1139 4436 1217 4501 hora
1238 4435 1302 4500 iam
1335 4434 1436 4498 multa
1467 4439 1518 4497 est

288 4541 316 4579 11
326 4539 450 4606 dimitte
472 4538 544 4605 illos
555 4546 591 4606 91
603 4547 713 4612 999199
725 4539 759 4604 19
770 4538 931 4624 proximas
941 4537 1035 4603 uillas
1046 4545 1079 4603 et
1094 4538 1222 4604 castella
1237 4543 1343 4602 emant
1359 4534 1420 4601 sibi
1431 4533 1517 4620 quod

287 4642 477 4708 manducent
510 4640 537 4681 11
570 4643 615 4707 Elt
625 4641 817 4727 respondens
832 4640 885 4705 ihs
899 4639 983 4706 dixit
998 4639 1062 4706 illis
1077 4641 1150 4706 date
1164 4639 1228 4706 illis
1242 4661 1300 4705 uos
1314 4638 1516 4702 manducare.
