3467 5192
257 249 318 313 114
375 291 382 305 ·
686 247 723 312 (o.
751 248 781 313 8)
809 246 991 312 euangelium
1009 261 1067 300 sec.

255 419 400 486 homines
423 418 504 484 sicut
527 419 652 483 arbores
674 418 881 483 ambulantes.
928 417 955 457 ²⁵
997 418 1041 482 Et
1062 417 1176 482 iterum
1200 416 1342 503 inposuit
1355 439 1492 482 manum.-

256 530 288 590 et
310 545 404 609 super
427 521 533 587 oculos
556 520 624 586 eius
648 528 679 586 θῖ
701 519 805 607 coepit
827 519 938 586 uidere
959 528 991 586 et
1013 519 1178 586 restitutus
1201 526 1249 586 est
1271 520 1317 585 ita
1338 530 1374 586 ut
1396 517 1483 586 uide·

255 634 304 693 ret
327 626 410 691 clare
432 623 549 692 omnia.
594 621 621 660 ²⁶
664 623 709 688 Et
741 623 864 689 dimisit
897 623 988 688 illum
1022 623 1057 688 in
1094 623 1222 688 domum
1255 645 1343 688 suam
1378 622 1495 688 dicens

255 729 337 794 uado
359 727 393 792 in
417 728 544 792 domum
568 734 655 792 tuam
683 735 715 792 et
748 726 776 792 si
810 725 844 790 in
879 725 986 792 uicum
1020 725 1179 793 introieris
1210 725 1333 791 nemini
1365 725 1485 792 dixeris

255 830 288 896 in
312 829 391 897 uico.

339 932 475 999 XXVI.
521 930 549 970 ²⁷
592 932 637 997 Et
658 930 817 1018 profectus
840 939 888 998 θεῖ
909 932 961 997 ihs
983 939 1017 998 θῖ
1037 931 1186 1018 discipuli
1215 931 1284 998 eins
1317 931 1351 997 in
1385 955 1485 997 caesa·

153 1096 156 1100 ,
255 1059 309 1102 rea
330 1034 466 1123 philippi
489 1035 576 1100 etin
599 1034 652 1100 uia
674 1035 890 1118 interrogabat
912 1033 1083 1121 discipulos
1105 1058 1178 1102 suos
1201 1035 1308 1101 dicens
1324 1058 1418 1120 quem
1433 1059 1493 1100 me-

255 1139 365 1205 dicunt
386 1139 531 1204 homines
554 1161 631 1204 esse.
677 1135 704 1174 ²⁸
749 1135 814 1221 Qui
836 1138 1066 1224 responderunt
1087 1137 1137 1202 illi
1158 1137 1298 1204 dicentes
1314 1137 1484 1202 iohannem

254 1242 425 1329 baptistam
448 1248 480 1306 θῖ
502 1240 557 1305 alii
579 1239 695 1305 heliam
718 1240 774 1305 alii
797 1248 904 1306 autem
926 1241 1016 1326 quasi
1039 1264 1201 1305 unum-ex
1232 1239 1402 1327 prophetis.
1457 1237 1494 1276 m·

254 1346 329 1431 Ipse
352 1353 458 1410 autem
481 1342 689 1428 interrogauit
712 1365 774 1408 θοε.
798 1365 854 1408 θοε
877 1365 954 1408 uero
977 1367 1071 1428 quem
1095 1367 1145 1409 mc
1169 1365 1237 1408 esse
1265 1343 1378 1408 dicitis.
1423 1343 1486 1408 Rc·

254 1448 410 1534 spondcus
434 1454 541 1512 autem
562 1452 671 1532 petrus
694 1445 738 1510 ait
760 1445 810 1510 issi
831 1454 867 1511 tu
890 1469 923 1511 es
945 1449 1014 1532 xps.
1062 1444 1089 1482 ³⁰
1132 1446 1177 1510 Εῖ
1203 1446 1402 1511 conminatus
1435 1451 1486 1510 est

254 1553 300 1616 cis
323 1558 359 1615 ut
380 1549 501 1614 nemini
524 1547 664 1615 dicerent
687 1548 726 1614 de
749 1571 795 1614 θο.
842 1547 867 1586 ³¹
913 1549 958 1614 Et
979 1549 1084 1634 coepit
1104 1548 1217 1614 docere
1238 1547 1310 1614 illos
1333 1548 1484 1633 quoniam

254 1660 377 1741 oportet
397 1651 499 1716 filium
521 1650 659 1717 hominis
682 1657 781 1716 multa
801 1651 877 1737 pati.
929 1652 974 1716 Et
1000 1651 1160 1737 reprobari
1192 1674 1212 1716 a
1244 1650 1420 1716 senioribus
1452 1656 1485 1714 et

254 1755 426 1845 pricipibus
449 1754 645 1820 sacerdotum
668 1759 701 1819 et
723 1753 832 1819 scribis
855 1760 888 1819 et
910 1753 1010 1820 occidi
1033 1760 1158 1840 etpost
1186 1762 1249 1819 tres
1282 1753 1349 1818 dies
1381 1775 1482 1818 resur·

254 1882 337 1946 gere.
351 1856 378 1895 ³²
391 1866 422 1923 θῖ
443 1858 547 1943 palam
571 1857 702 1922 uerbum
724 1857 921 1941 loquebatur.
967 1857 1072 1942 Quem
1095 1856 1269 1940 suscipiens
1291 1864 1399 1942 petrus
1419 1879 1493 1920 coe-

255 1961 303 2049 pit
331 1962 495 2044 obiurgare
519 1983 600 2024 oum.
648 1957 674 1996 ³³
718 1959 772 2024 Ad
795 1959 848 2024 ille
873 1981 1042 2025 conuersus
1069 1958 1182 2024 uidens
1208 1957 1378 2044 discipulos
1411 1980 1493 2022 suos-

256 2063 455 2130 ccnminatus
478 2069 526 2128 est
547 2071 636 2148 petro
660 2070 691 2127 et
714 2060 806 2127 dixit.
831 2062 913 2126 uade
935 2068 1006 2148 post
1027 2085 1079 2126 me
1101 2072 1226 2127 satanas
1253 2060 1402 2145 quoniam
1420 2084 1483 2125 non

255 2167 339 2254 sapis
362 2190 442 2252 quae
465 2165 497 2231 di
520 2175 594 2230 sunt
623 2164 677 2230 sed
705 2187 785 2250 quae
819 2173 894 2230 sunt
925 2164 1100 2230 hominum.
1156 2163 1185 2201 ³⁴
1238 2164 1282 2229 Εῖ
1314 2173 1494 2229 conuocato.

256 2272 350 2336 turba
373 2293 444 2334 cum
467 2267 638 2353 discipulos
650 2272 684 2345 (ῖ)
709 2267 753 2333 ait
776 2267 802 2332 si
824 2267 895 2354 quis
916 2276 987 2354 post
1002 2291 1053 2332 me
1068 2269 1139 2333 uult
1156 2267 1247 2353 sequi
1268 2267 1403 2350 abneget
1423 2264 1484 2330 sibi

255 2381 286 2440 et
308 2373 398 2439 tollat
420 2393 545 2437 crucem
568 2393 657 2436 suam
681 2379 712 2436 et
734 2382 884 2455 sequatur
912 2395 973 2436 me.
1019 2369 1047 2409 ³⁶
1090 2369 1178 2455 Quid
1188 2374 1225 2450 (t)
1261 2369 1345 2435 enim
1378 2369 1483 2434 uolue-

255 2477 296 2542 rit
319 2475 456 2540 animam
480 2497 569 2539 suam
592 2474 712 2538 saluam
735 2472 838 2539 facere
860 2474 972 2558 perdet
994 2496 1064 2538 eam
1088 2476 1141 2557 qui
1172 2479 1277 2538 autem
1308 2471 1484 2557 perdiderit

254 2579 393 2645 animam
416 2601 504 2642 suam
527 2585 654 2662 propter
676 2599 727 2640 me
751 2576 895 2642 inueniet
917 2575 982 2640 illa.
996 2574 1112 2662 ³⁶quid
1141 2575 1226 2641 enim
1260 2574 1399 2661 proderit
1431 2576 1484 2639 ho·

255 2681 334 2747 mini
357 2681 383 2746 si
404 2680 545 2744 lucretur
566 2679 751 2744 uniuersum
775 2679 929 2743 mundum
946 2688 978 2744 et
989 2679 1139 2743 damnum
1151 2677 1246 2743 faciat
1261 2677 1385 2742 animae
1397 2699 1492 2741 suae..

255 2786 282 2824 ³⁷
327 2785 397 2849 Ant
419 2782 503 2867 quod
526 2781 612 2846 dabit
634 2782 727 2846 horno
758 2780 1024 2847 conmutationem
1060 2781 1184 2846 animae
1218 2803 1300 2845 suae.
1346 2777 1374 2816 ³⁸
1418 2779 1484 2864 Qui

255 2895 360 2952 autem
385 2883 532 2950 confusus
555 2907 606 2948 me
629 2883 725 2949 suerit
748 2895 779 2949 et
811 2907 897 2949 meos
930 2906 1089 2949 sermones
1122 2883 1157 2949 in
1187 2882 1390 2968 generatione
1423 2884 1484 2948 hac

255 2988 397 3054 adultera
419 2995 451 3052 θῖ
472 2985 646 3072 peccatrice
669 2994 702 3052 θῖ
722 2986 805 3050 filius
828 2985 965 3050 hominis
989 2985 1160 3051 confundet
1181 2985 1272 3051 illum
1296 3009 1368 3051 cum
1390 3008 1484 3050 uene-

254 3092 297 3158 rit
318 3091 352 3155 in
374 3089 506 3174 gloriam
529 3087 700 3174 patrissui
723 3112 795 3154 cum
817 3088 937 3154 sanctis
960 3089 1090 3174 angelis.
1136 3087 1164 3127 ³⁹
1207 3090 1252 3154 Et
1273 3089 1398 3154 dicebat
1419 3087 1483 3152 illis

257 3216 349 3258 amen
372 3192 441 3257 dico
466 3191 555 3255 uobis
590 3190 739 3276 quoniam
774 3199 847 3257 sunt
881 3191 1011 3277 quidam
1044 3192 1095 3256 hic
1129 3190 1401 3257 circumstantium
1432 3214 1486 3254 me

255 3295 311 3382 qui
334 3317 397 3359 non
419 3294 591 3379 gustabunt
613 3303 745 3360 mortem
770 3295 869 3360 donec
893 3294 1022 3360 uideant
1051 3317 1184 3380 regnum
1218 3295 1250 3358 di
1283 3293 1416 3358 ueniens
1449 3293 1489 3357 in.

255 3399 382 3464 uirtute.

340 3499 493 3566 XXVII.
533 3502 571 3580 (c.
603 3501 636 3582 9)
682 3498 693 3535 ²
738 3500 782 3566 Et
803 3507 875 3586 post
897 3499 965 3567 dics
993 3524 1049 3566 sex
1076 3501 1252 3586 adsumpsit
1278 3501 1330 3565 ihs
1358 3505 1484 3585 petrum

255 3611 286 3670 θῖ
308 3603 451 3668 iacobum
475 3611 507 3669 θῖ
528 3603 698 3668 iohannem
722 3608 753 3669 et
775 3602 862 3669 ducit
884 3603 955 3668 illos
977 3602 1011 3668 in
1038 3610 1177 3669 montem
1211 3602 1401 3669 altissimum
1435 3624 1482 3666 se·

256 3714 343 3772 creto
366 3707 452 3772 solus
476 3713 508 3772 θῖ
532 3709 773 3790 transfiguratus
806 3713 852 3772 est
887 3728 990 3772 coram
1024 3705 1181 3792 ipsis²et
1202 3705 1394 3771 uestimenta
1416 3704 1491 3770 aius

255 3808 338 3874 facta
360 3815 434 3874 sunt
455 3807 611 3893 fulgentia
637 3809 749 3874 eadida
782 3809 872 3874 uelut
905 3808 962 3873 nix
994 3809 1101 3894 qualia
1129 3807 1208 3874 fullo
1241 3832 1335 3894 super
1367 3813 1483 3874 terram

254 3935 318 3976 non
341 3919 444 3997 potest
467 3910 569 3977 facere
591 3918 656 3976 tam
679 3911 811 3977 candida
826 3909 837 3946 ³
850 3917 883 3976 et
905 3911 1050 3997 adparuit
1073 3910 1136 3976 illis
1157 3910 1257 3976 helias
1280 3929 1353 3977 cum
1375 3933 1485 3995 moyse

255 4023 287 4080 et
309 4022 400 4079 erant
421 4014 587 4099 loquentes
610 4037 681 4078 cum
704 4037 750 4079 eo.
796 4012 810 4050 ⁴
853 4013 898 4078 Et
919 4013 1111 4100 respondens
1138 4022 1247 4099 petrus
1274 4014 1314 4078 ad
1342 4013 1409 4078 ihm
1439 4012 1486 4078 ait

254 4116 342 4182 rabbi
365 4117 483 4182 bonum
505 4124 553 4181 θεῖ
574 4139 631 4180 nos
654 4116 706 4182 hic
729 4138 796 4182 esse
818 4115 868 4181 uis
891 4115 1005 4181 faciam
1027 4115 1080 4181 hic
1104 4115 1165 4180 tria
1191 4117 1393 4181 tabernacuda
1424 4113 1484 4180 tibi

255 4243 355 4285 unum
378 4229 410 4284 θῖ
433 4218 534 4304 moysi
555 4242 656 4283 unum
680 4227 711 4285 et
732 4219 836 4283 heliae
859 4217 1070 4284 unum.⁵non
1093 4219 1179 4283 enim
1202 4217 1320 4285 sciebat
1342 4218 1419 4304 qnid
1441 4219 1483 4283 lo·

256 4328 406 4408 queretur
450 4320 563 4386 timore
608 4320 693 4386 enim
728 4321 881 4387 exterriti.
928 4320 941 4358 ⁶
984 4322 1028 4386 Εῖ
1060 4320 1162 4387 factus
1195 4327 1262 4387 erat
1313 4321 1393 4386 nubs
1436 4322 1487 4386 ob·

256 4426 405 4490 umbrans
429 4447 487 4490 eos.
534 4424 579 4488 Et
602 4447 673 4488 ecce
696 4447 760 4488 uox
783 4424 861 4488 exiit
885 4422 992 4491 dicens
1014 4424 1065 4490 hic
1089 4432 1137 4490 est
1158 4423 1243 4488 filius
1265 4445 1353 4488 meus
1372 4423 1487 4487 charis·

256 4528 354 4593 simus
376 4529 461 4593 hunc
483 4525 599 4592 audite.
647 4525 659 4563 ⁷
702 4526 747 4592 Et
769 4535 899 4612 repente
922 4527 1212 4613 circumspicientes
1234 4525 1393 4590 neminem
1423 4547 1485 4589 em-

253 4629 338 4715 plius
360 4629 510 4695 uiderunt
531 4630 592 4695 nisi
614 4630 681 4695 ihm
711 4630 813 4695 solum
846 4630 1022 4697 secum⁸et
1052 4629 1313 4696 descendentibus
1346 4627 1410 4693 illis
1445 4628 1490 4692 de
