3467 5192
686 238 820 290 lucanum
839 238 877 302 (c.
893 237 945 303 15).
1390 239 1430 302 87

197 407 291 472 illum
315 413 404 488 pater
425 407 524 494 ipsius
547 413 579 473 et
601 409 768 474 adcurrens
792 408 908 474 cecidit
929 430 1025 493 supra
1048 407 1163 472 collum
1186 406 1255 473 eius
1277 418 1310 474 ct
1341 431 1429 474 oscu-

199 511 284 576 latus
307 518 356 575 est
377 532 459 574 eum.
506 509 532 546 ²¹
578 510 734 595 Dixitque
758 511 788 575 ei
809 511 894 576 filius
915 517 1005 596 pater
1026 508 1156 596 peccaui
1185 509 1219 574 in
1249 516 1371 575 caelum
1399 520 1433 575 et

196 635 305 706 coram
329 619 360 678 te
383 611 446 678 iam
459 613 533 676 ¹non
555 635 625 677 sum
648 612 762 698 dignus
784 613 893 678 uocari
913 613 1000 678 filius
1015 620 1098 678 tuus.
1144 610 1171 648 2²
1214 611 1310 678 Dixit
1324 618 1431 678 autem

201 722 290 800 pater
312 714 380 780 eius
403 715 443 780 ad
465 737 572 780 seruos
595 739 676 781 suos.
722 714 795 782 Oito
817 715 954 802 proferte
980 717 1092 780 stolam
1122 715 1210 780 illam
1241 715 1376 801 primam
1399 721 1432 780 et

196 817 323 882 induite
346 817 436 881 illurn
459 825 492 883 et
513 817 585 882 date
608 818 738 883 anulum
759 818 792 883 in
817 842 945 883 manum
967 818 1036 883 eius
1058 824 1091 882 et
1106 817 1312 883 calciamenta
1326 817 1359 882 in
1376 841 1428 898 pe·

195 917 292 984 dibus
314 919 382 985 eius
395 917 463 985 2⁵et
485 919 631 1011 adducite
662 920 797 985 uitulum
832 920 922 984 illum
955 920 1135 1004 saginatum
1167 926 1200 986 et
1232 919 1365 986 occidito
1398 926 1431 986 et

197 1022 427 1087 manducemus
461 1027 493 1087 et
522 1021 811 1108 epulemur²⁴quia
836 1023 890 1088 hic
917 1023 1002 1088 filius
1029 1045 1117 1087 meus
1150 1029 1294 1088 mortuus
1327 1020 1432 1089 luerat

196 1131 233 1189 et
256 1123 374 1190 reuixit
395 1123 532 1209 perierat
554 1133 587 1191 et
608 1124 758 1190 inuentus
781 1130 838 1191 est.
861 1133 895 1190 et
916 1132 1089 1211 coeperunt
1110 1125 1260 1211 aepulari.
1297 1123 1324 1164 ²⁶
1352 1126 1431 1190 Erat

195 1234 306 1293 autem
329 1225 413 1291 filius
436 1225 503 1291 eius
526 1227 677 1308 iunior(l)
699 1226 732 1292 in
755 1251 829 1312 agro
852 1234 978 1292 etcum
1011 1227 1136 1292 ueniret
1168 1235 1201 1292 et
1230 1227 1430 1313 adpropiaret

194 1329 307 1402 domui
330 1328 454 1394 audiuit
476 1329 656 1414 synfoniam
679 1339 711 1396 et
733 1331 862 1396 chorum
876 1328 947 1395 2⁸et
969 1330 1096 1395 uocauit
1122 1354 1222 1394 unum
1257 1330 1296 1396 de
1329 1329 1430 1394 seruis

195 1441 232 1496 et
254 1432 460 1517 interrogabit
482 1455 563 1516 quae
586 1441 698 1498 essent.
745 1430 772 1471 Ἡ
816 1433 871 1497 Ad
893 1433 948 1498 ille
971 1432 1054 1498 dixit
1074 1431 1123 1497 illi
1137 1431 1235 1498 frater
1252 1442 1324 1497 tuus
1339 1432 1430 1498 uenit

199 1541 232 1600 et
253 1533 368 1598 occidit
389 1544 479 1620 pater
500 1540 574 1600 tuus
596 1534 734 1600 uitulum
757 1535 849 1601 illum
872 1535 1050 1621 saginatum
1081 1535 1157 1618 quia
1183 1541 1306 1600 saluum
1337 1534 1429 1599 illum

195 1636 326 1722 recepit.
373 1633 400 1673 2³
442 1636 631 1722 Indignatus
653 1643 702 1702 est
723 1643 830 1702 autem
857 1644 889 1702 et
917 1637 1020 1703 noluit
1050 1636 1195 1703 introire.
1233 1643 1321 1724 pater
1353 1660 1428 1703 uero

198 1738 285 1803 illius
308 1762 451 1824 egressus
474 1739 578 1825 coepit
603 1739 660 1803 illr'r
689 1763 809 1826 rogare.
866 1737 894 1778 ²⁹
946 1741 1001 1806 Ad
1035 1739 1090 1805 ille
1123 1740 1314 1825 respondens
1347 1740 1430 1806 dixit

193 1840 282 1928 patri
303 1863 359 1907 suo
381 1865 453 1906 eoce
476 1842 559 1926 quod
581 1842 673 1908 annis
696 1842 802 1908 scruio
825 1843 885 1907 tibi
908 1852 940 1907 et
958 1866 1123 1927 nunquam
1138 1843 1322 1908 mandatum
1336 1850 1428 1907 tuum

198 1943 352 2030 preteriui
375 1949 407 2008 et
433 1949 576 2030 numqua
607 1944 724 2010 dedisti
758 1944 838 2010 mihi
871 1945 1009 2010 haedum
1039 1952 1075 2010 ut
1101 1968 1173 2009 cum
1207 1944 1317 2012 amicis
1350 1944 1429 2010 meis

194 2048 372 2133 aepularer.
420 2044 448 2083 3⁰
472 2046 556 2113 ¹Sed
584 2054 751 2133 postquam
785 2047 870 2113 filius
903 2056 978 2113 tuus
999 2046 1051 2112 hio
1080 2047 1135 2132 qui
1162 2046 1329 2113 deuorauit
1356 2048 1428 2112 sub-

196 2149 348 2214 stantiam
371 2173 459 2214 suam
483 2172 555 2214 oum
579 2149 797 2215 meretricibus
820 2150 910 2214 uenit
932 2158 965 2215 et
987 2148 1131 2215 occidisti
1153 2148 1201 2214 illi
1223 2149 1361 2214 uitulum
1383 2173 1429 2214 sa-

195 2252 351 2336 ginatum.
398 2249 423 2288 ³²
468 2251 516 2315 Ad
540 2252 607 2337 ipse
630 2251 713 2317 dixit
735 2252 782 2316 illi
804 2253 850 2318 fili
874 2261 909 2317 tu
931 2275 1055 2338 semper
1077 2275 1201 2318 mecum
1224 2275 1257 2317 es
1277 2258 1308 2316 ct
1323 2250 1429 2317 omnia

200 2379 269 2420 mea
303 2363 358 2420 tua
390 2361 473 2419 sunt.
520 2352 546 2390 ³²
590 2354 753 2441 Aepulare
776 2361 883 2420 autem
906 2377 963 2419 nos
986 2355 1177 2438 etgaudere
1204 2359 1327 2440 oportet
1353 2352 1430 2437 quia

194 2457 296 2522 irater
318 2463 392 2522 tuus
413 2455 467 2522 hic
488 2463 630 2521 mortuus
653 2465 721 2522 erat
742 2464 774 2521 et
804 2455 925 2522 reuixit
951 2456 1089 2543 perierat
1122 2464 1154 2522 et
1187 2455 1337 2521 inuentus
1371 2462 1426 2522 est.

284 2559 341 2624 LI.
368 2564 407 2634 (c.
434 2560 487 2635 16)
534 2558 544 2594 ¹
590 2559 725 2624 Dicebat
751 2567 857 2625 autem
889 2568 922 2624 et
952 2559 992 2624 ad
1024 2557 1195 2645 discipulos
1227 2581 1301 2623 suos
1334 2560 1428 2623 homo

195 2661 328 2747 quidam
351 2665 419 2726 erat
440 2661 529 2726 diues
552 2661 607 2746 qui
627 2662 764 2726 habebat
786 2661 919 2726 uilicum
941 2668 974 2726 et
996 2661 1047 2727 hic
1066 2661 1273 2743 diffa(ma)tus
1289 2667 1337 2726 est
1352 2667 1429 2747 aput

193 2763 286 2829 illum
310 2763 394 2848 quod
415 2763 583 2850 dissipauit
604 2764 686 2830 bona
708 2763 786 2831 eius.
800 2762 812 2800 ⁹
825 2770 857 2829 et
879 2763 1007 2829 uocauit
1030 2764 1120 2828 illum
1143 2770 1176 2829 et
1198 2763 1243 2828 ait
1271 2762 1321 2828 illi
1349 2764 1428 2849 quid

192 2868 257 2932 'hoo
279 2865 373 2932 audio
395 2867 434 2931 dc
455 2871 488 2932 te
510 2866 605 2932 redde
628 2865 781 2932 rationem
810 2865 1005 2932 uilioationis
1038 2871 1112 2932 tuae
1145 2866 1209 2930 iam
1243 2865 1328 2932 enim
1365 2889 1428 2930 non

198 2969 314 3056 poteris
336 2969 479 3034 uilioare.
525 2967 537 3005 ³
581 2967 641 3033 Ait
663 2975 768 3035 autem
791 2968 905 3034 uilicus
928 2967 1011 3033 intra
1033 2991 1067 3034 se
1095 2969 1172 3053 quid
1205 2968 1319 3034 faciam
1353 2969 1428 3053 qnia

194 3073 258 3137 dr'rs
283 3094 373 3137 meus
399 3069 502 3136 aufert
534 3095 552 3136 a
586 3095 636 3136 me
669 3071 853 3136 uilicatione
885 3069 992 3136 fodere
1025 3094 1089 3135 non
1122 3071 1214 3136 ualeo
1248 3070 1428 3136 mendicare

199 3175 356 3240 erubesco.
401 3173 416 3211 ⁴
459 3172 603 3258 Oognoui
626 3173 702 3259 quid
724 3173 839 3239 faciam
862 3181 899 3238 ut
921 3196 992 3239 cum
1016 3180 1139 3239 amotus
1161 3172 1289 3238 fueroa
1316 3172 1426 3238 uilioa·

193 3278 285 3342 tione
306 3275 460 3362 recipiant
482 3300 533 3341 me
555 3275 589 3340 i'n
612 3276 719 3341 domos
745 3299 826 3341 suas.
884 3276 897 3314 ⁵
952 3275 1143 3341 Gonuacatis
1175 3275 1285 3362 itaque
1317 3275 1428 3360 sigalis

194 3377 391 3444 debitoribus
414 3378 533 3442 domini
556 3378 606 3443 sui
628 3377 752 3444 dicebat
773 3379 875 3465 primo
899 3386 1052 3463 quantum
1076 3378 1170 3444 debes
1195 3379 1257 3442 diro
1290 3402 1369 3445 meo.
1416 3377 1429 3417 ⁶

196 3483 253 3547 Ad
265 3483 320 3546 ille
332 3480 415 3547 dixit
425 3488 551 3546 centum
564 3479 687 3561 batisd)
711 3481 780 3546 olei.
804 3480 949 3566 dixitque
970 3481 1018 3546 illi
1041 3481 1152 3566 adcipe
1173 3481 1295 3546 litteras
1311 3487 1381 3546 tuas
1396 3489 1429 3547 et

194 3584 272 3650 sede
295 3583 357 3649 cito
383 3583 483 3649 scribe
514 3583 754 3669 quinquaginta.
802 3582 813 3621 ⁷
858 3582 984 3647 Deinde
1016 3583 1078 3649 alio
1112 3582 1194 3648 dixit
1226 3591 1262 3648 tu
1294 3585 1427 3667 quatum

195 3687 293 3752 debes
315 3685 361 3752 ait
382 3692 510 3751 centurn
532 3686 642 3751 choros
665 3685 772 3750 tritici.
818 3684 878 3750 Ait
912 3684 960 3749 illi
993 3685 1104 3770 adcipe
1137 3685 1259 3750 litteras
1292 3691 1363 3750 tuas
1397 3692 1429 3751 et

195 3789 298 3854 scribe
321 3789 488 3873 octoginta.
534 3785 547 3825 ⁸
589 3789 634 3853 Et
656 3788 798 3853 laudabit
820 3788 889 3852 dms
911 3787 1043 3853 uilicum
1059 3786 1239 3871 iniquitatis
1254 3786 1336 3871 quod
1353 3810 1427 3872 pru·

195 3891 308 3956 denter
330 3889 414 3956 fecit.
459 3889 554 3955 Dixit
576 3896 682 3956 autem
704 3889 760 3954 filii
782 3889 879 3956 huius
901 3889 1019 3957 saeculi
1040 3888 1261 3974 prudentiores
1275 3899 1350 3954 sunt
1365 3899 1430 3974 qua

195 3992 255 4057 filii
278 3991 357 4057 lucis
379 3991 414 4056 in
435 3993 496 4057 hac
517 3991 729 4077 generatione.
776 3990 789 4029 ⁹
832 3994 877 4058 Elt
903 4016 961 4076 ego
991 3991 1059 4058 dico
1089 3990 1179 4056 uobis
1211 3990 1306 4057 facite
1339 3990 1429 4057 uobis

197 4095 316 4160 amicos
337 4094 377 4159 de
399 4117 546 4160 mamona
567 4093 745 4180 iniquitatis
767 4103 804 4160 ut
826 4118 899 4160 cum
921 4092 1101 4161 defeceritis
1129 4092 1284 4179 recipiant
1316 4117 1372 4158 uos
1393 4093 1429 4158 in

198 4205 326 4262 aeterna
349 4198 557 4262 tabernacula.
606 4197 632 4234 ²⁰
676 4197 741 4282 Qui
763 4196 866 4263 fidelis
890 4204 937 4262 est
963 4197 996 4261 in
1030 4195 1162 4261 minimo
1196 4203 1228 4261 et
1259 4195 1292 4258 in
1327 4195 1429 4262 maius
1537 4234 1539 4239 v

197 4299 300 4365 fidelis
323 4307 380 4365 est.
425 4300 469 4363 Et
490 4298 546 4385 qui
569 4300 603 4364 in
626 4298 747 4365 modico
769 4299 870 4364 fidelis
893 4305 942 4364 est
963 4306 997 4363 et
1018 4297 1051 4362 in
1083 4297 1186 4362 maius
1215 4296 1344 4381 iniquus
1371 4303 1427 4361 est.

201 4400 225 4438 ¹¹
271 4401 306 4467 Si
330 4424 403 4485 ergo
426 4401 459 4464 in
483 4401 592 4487 iniquo
616 4425 795 4467 mammona
816 4401 917 4466 fidelis
940 4425 1002 4466 uon
1032 4399 1147 4465 fuistis.
1193 4399 1287 4483 Quod
1316 4421 1428 4463 uerum

199 4512 246 4568 est
268 4504 340 4590 quis
363 4505 469 4570 credet
491 4504 591 4570 uobis.
638 4503 663 4541 ¹²
709 4504 801 4570 Etsi
825 4503 859 4568 in
881 4505 985 4568 alieno
1007 4503 1109 4568 tidelis
1131 4525 1194 4566 non
1216 4500 1321 4567 fuistis
1344 4501 1429 4587 quod

202 4611 343 4670 uestrum
367 4606 508 4693 estquis
531 4605 618 4672 dabit
640 4606 737 4672 uobis.
