3467 5192
283 271 329 334 90
712 270 750 334 (c.
774 271 817 337 17)
834 270 1015 336 euangelium
1034 285 1091 322 sec.

284 439 484 523 relinquetur
506 440 568 504 duo
591 438 623 504 in
647 463 721 524 agro
744 464 826 505 unus
850 441 1033 506 adsumetur
1061 445 1093 505 et
1122 463 1204 505 unus
1237 439 1442 525 relinquetur.
1489 441 1516 481 ³⁶

286 543 332 608 Dt
352 543 576 628 respondentes
599 543 751 608 dixerunt
774 544 820 607 illi
844 544 899 608 ubi
923 542 1025 607 dirs³⁷
1037 543 1153 629 quibus
1175 542 1243 628 ipse
1259 542 1341 608 dixit
1356 542 1515 629 ubicr'rque

283 643 385 710 fuerit
407 667 518 731 corpus
541 645 616 710 illuc
639 647 913 731 congregabuntur
935 652 968 710 et
990 645 1126 730 aquilae.

374 748 482 814 LVII.
506 751 545 828 (c.
572 750 624 825 18)
672 748 682 785 ¹
727 747 887 814 Dicebant
917 754 1024 813 autom
1058 747 1124 813 etia
1157 749 1338 834 parabolam
1371 749 1411 813 ad
1444 748 1515 814 illos

284 849 437 934 quoniam
459 858 583 937 oportet
605 873 730 935 semper
752 874 840 915 orare
863 858 895 916 et
917 874 982 915 non
1003 849 1290 916 deficero²dicena
1329 850 1432 915 Iudex
1447 851 1516 936 qui·

283 953 358 1018 dam
382 953 505 1018 eratin
529 953 663 1037 quadam
686 951 893 1037 ciuitatemtt)
915 952 970 1038 qui
993 953 1045 1016 dm
1066 976 1129 1017 non
1146 953 1278 1018 timebat
1299 962 1332 1018 et
1355 953 1515 1018 hominem

283 1079 349 1119 non
372 1057 583 1120 reuerebatur.
600 1052 719 1119 ³uidua
742 1066 848 1121 autem
872 1055 1006 1140 quedam
1031 1056 1155 1119 eratin
1185 1055 1316 1121 ciuitate
1344 1078 1426 1141 quae
1461 1079 1514 1121 ue·

285 1157 377 1222 niens
401 1157 503 1243 coepit
525 1158 564 1222 ad
587 1157 677 1221 illum
703 1157 815 1223 dicere.
849 1157 977 1222 uindico
1010 1181 1062 1221 me
1094 1158 1133 1223 de
1166 1157 1351 1223 aduersario
1375 1157 1516 1224 moo⁴et

285 1260 411 1324 nolebat
433 1282 489 1344 per
511 1259 646 1325 multum
669 1269 802 1345 tempus.
850 1261 928 1325 Post
956 1261 1034 1325 haec
1061 1270 1166 1325 autem
1193 1259 1275 1325 dixit
1306 1261 1391 1325 intra
1424 1284 1457 1326 se
1488 1261 1515 1326 si

282 1361 338 1424 dm
362 1385 424 1426 non
455 1361 551 1426 timeo
582 1383 642 1427 nco
675 1361 837 1426 hominem
871 1361 1162 1427 reuereor⁵tamen
1195 1363 1271 1448 quia
1303 1364 1434 1428 molesta
1468 1375 1515 1428 est

284 1462 366 1527 mihi
388 1465 468 1527 haec
490 1462 586 1528 uidua
610 1463 780 1534 uindicabo,
801 1464 890 1529 illam
906 1489 947 1530 ne
962 1464 997 1529 in
1015 1465 1189 1530 nouissimo
1208 1463 1318 1531 ueniat
1336 1465 1513 1550 constri(n)·

284 1572 340 1649 gat
362 1589 422 1630 me.
468 1565 480 1602 ⁶
526 1567 585 1630 Ait
606 1572 711 1633 autem
736 1567 814 1631 dms.
838 1567 946 1632 audite
975 1566 1051 1652 quid
1081 1565 1179 1632 iudex
1200 1566 1379 1653 iniquitatis
1413 1567 1514 1634 dicit⁷
1543 1626 1548 1633 .

283 1669 323 1732 ds
346 1673 421 1732 aute
444 1691 507 1732 non
531 1668 626 1735 faciet
646 1669 820 1736 uindictam
844 1670 1016 1734 electorum
1038 1693 1166 1734 suorum
1190 1670 1396 1735 clamantium
1412 1671 1463 1736 die
1478 1695 1514 1737 ac

285 1778 378 1834 nocte
401 1776 433 1836 et
454 1770 641 1857 patientiam
665 1771 794 1837 habebit
815 1771 848 1835 in
873 1769 1041 1837 illis⁸dioc
1063 1771 1154 1837 uobis
1176 1771 1272 1838 faciet
1301 1773 1362 1839 cito
1391 1772 1513 1838 uindic-

283 1877 351 1938 tam
374 1873 510 1938 illorum.
556 1874 678 1939 Tamen
701 1874 786 1940 filius
808 1873 947 1940 hominis
969 1874 1102 1938 ueniens
1128 1883 1221 1960 putas
1248 1875 1392 1941 inueniet
1419 1876 1514 1940 fidem

283 1975 320 2040 in
342 1982 468 2040 terram.

371 2079 499 2143 LVIII.
545 2077 558 2115 ⁹
602 2078 696 2144 Dixit
729 2084 833 2144 autem
858 2084 890 2144 et
918 2080 958 2144 ad
981 2080 1132 2164 quosdam
1155 2079 1211 2164 qui
1234 2080 1294 2145 sibi
1317 2081 1515 2146 confidebant

282 2186 447 2266 tamquam
469 2179 545 2246 iusti
568 2188 673 2246 essent
699 2188 731 2246 et
759 2181 950 2266 spc'rnabaut
983 2192 1101 2247 ceteros
1135 2182 1376 2248 similitudinem
1409 2184 1513 2248 istam.

287 2282 314 2320 ¹⁰
355 2284 431 2349 Duo
453 2283 591 2349 hominis
613 2284 822 2350 ascenderunt
844 2283 879 2348 in
901 2285 1020 2369 templo
1047 2295 1084 2349 ut
1115 2292 1250 2350 orarent.
1288 2287 1384 2352 Unus
1409 2285 1512 2371 phari·

284 2409 377 2451 saeue
396 2392 428 2451 et
443 2409 525 2450 unus
540 2386 735 2471 publicanus.
782 2385 808 2422 ¹¹
852 2386 951 2453 Stans
966 2387 1075 2472 itaque
1089 2387 1274 2473 pharisaeus
1290 2387 1335 2453 sio
1352 2390 1462 2453 orabat
1476 2389 1514 2452 ds

283 2487 402 2573 gratias
425 2512 482 2573 ago
505 2488 564 2554 tibi
587 2489 747 2574 quianon
770 2512 840 2554 sum
864 2490 946 2554 sicut
974 2489 1070 2555 ceteri
1098 2489 1263 2555 hominum
1296 2498 1436 2576 raptores
1468 2490 1514 2554 in·

282 2590 361 2656 iusti
384 2588 520 2656 adulteri
542 2591 630 2656 uelut
654 2591 751 2656 etiam
774 2593 857 2657 sicut
880 2591 932 2656 hic
952 2590 1147 2678 publicanus.
1194 2591 1221 2629 ¹²
1263 2592 1377 2658 Ieiuno
1405 2594 1453 2658 bis
1479 2593 1514 2658 in

282 2694 412 2758 sabbato
435 2693 573 2758 decimas
595 2693 634 2757 do
657 2693 799 2758 omnium
823 2715 1041 2778 quaecumque
1071 2693 1224 2780 possideo.
1270 2693 1296 2732 ¹³
1339 2696 1384 2760 nt
1410 2695 1512 2782 publi·

279 2819 379 2861 canus
402 2796 534 2880 alonge
558 2801 643 2860 stans
665 2796 792 2861 nolebat
814 2819 873 2862 nec
894 2796 1000 2862 oculos
1022 2797 1062 2860 ad
1085 2798 1188 2862 celum
1217 2799 1324 2863 leuare
1358 2798 1414 2863 sed
1446 2821 1514 2883 per·

280 2897 423 2963 cutiebat
443 2904 554 2983 pectus
576 2919 666 2962 suum
690 2897 798 2964 dicens
821 2898 894 2963 dms
916 2898 954 2963 ds
976 2898 1147 2985 propitiare
1169 2899 1249 2964 mihi
1272 2899 1438 2986 peccatori.
1487 2898 1513 2936 ¹⁴

281 2999 365 3064 Dico
389 2998 479 3065 uobis
508 3001 670 3066 descendit
700 3000 753 3066 hic
786 3000 974 3086 publicanus
1006 3001 1196 3068 iustificatus
1227 3001 1261 3066 in
1293 3002 1387 3068 domri
1422 3025 1512 3067 suam

281 3103 383 3186 magis
406 3125 501 3186 quam
523 3102 578 3167 iile
600 3103 774 3188 phariseus.
821 3103 907 3187 Quia
929 3103 1032 3169 omnis
1054 3104 1110 3188 qui
1132 3127 1166 3169 se
1188 3105 1307 3170 exaltat
1334 3103 1513 3170 humiliabi-

281 3217 335 3270 tur
358 3213 389 3270 et
411 3205 466 3289 qui
489 3228 522 3270 se
544 3204 692 3270 humiliat
715 3205 914 3270 exaltabitur.
962 3204 988 3244 ¹⁶
1031 3205 1230 3272 Adferebant
1244 3213 1350 3272 autern
1366 3208 1406 3271 ad
1421 3206 1511 3271 illum

280 3315 316 3372 et
337 3305 474 3371 infantes
496 3314 533 3371 nt
555 3330 608 3371 eos
631 3315 782 3391 tangeret.
807 3308 986 3392 quodcum
1012 3308 1160 3374 uiderent
1193 3308 1340 3395 discipuli
1373 3308 1513 3394 increpa-

280 3411 359 3473 bant
381 3406 566 3473 illos.1⁶ihs
589 3418 693 3474 autem
717 3421 872 3474 conuocas
894 3409 967 3475 illos
989 3409 1072 3475 dixit
1092 3410 1188 3476 sinite
1210 3435 1323 3497 pucros
1345 3411 1457 3476 uenire
1472 3411 1512 3476 ad

282 3534 334 3575 me
357 3518 388 3576 ct
409 3511 509 3576 nolite
530 3534 583 3576 eos
605 3512 770 3597 prohibere
794 3512 906 3577 talium
929 3522 977 3577 est
1000 3512 1085 3576 enim
1109 3536 1241 3598 regnum
1264 3514 1306 3578 di.
1346 3513 1372 3553 ¹²
1404 3513 1512 3578 Amen

279 3613 352 3678 dico
377 3613 465 3678 uobis
488 3612 679 3699 quicumque
702 3637 765 3678 non
796 3614 957 3700 adceperit
990 3639 1123 3700 regnum
1156 3616 1188 3680 di
1221 3616 1304 3682 sicut
1335 3639 1415 3702 puer
1448 3638 1512 3680 uon

279 3714 414 3781 intrabit
435 3715 469 3779 in
492 3715 580 3781 illud.

369 3819 463 3882 LIX.
511 3816 537 3855 ¹⁸
580 3819 624 3884 Et
645 3817 853 3902 interrogauit
876 3825 950 3884 aute
974 3844 1046 3885 oum
1068 3819 1196 3906 quidam
1225 3820 1334 3887 dicens
1362 3821 1512 3907 magister

280 3923 363 3985 bone
386 3921 460 4004 quid
485 3920 629 3986 taciendo
651 3920 750 3985 uitam
774 3930 936 3986 aeternam
957 3923 1111 4008 possideo.
1159 3920 1185 3959 ¹⁹
1230 3923 1324 3990 Dixit
1351 3929 1458 3990 autem
1481 3924 1511 3990 ei

279 4023 333 4086 ihs
357 4023 433 4106 quid
455 4047 506 4087 mc
529 4023 607 4088 dicis
630 4023 746 4089 bonum
769 4047 862 4088 nemo
885 4026 984 4090 bonus
1007 4025 1069 4090 nisi
1092 4026 1176 4090 solus
1198 4027 1244 4089 ds.
1291 4024 1318 4063 ²⁰
1361 4026 1512 4093 Mandata

278 4125 374 4190 nosti.
420 4127 493 4190 Non
516 4125 640 4191 occides
662 4149 726 4190 non
748 4127 908 4192 adulterit]
932 4127 1099 4192 conmittes
1114 4150 1176 4192 non
1192 4127 1311 4194 furtum
1328 4127 1426 4195 facies
1447 4151 1510 4193 non

280 4226 395 4292 falsum
408 4227 625 4293 testimonium
645 4228 730 4293 dices
746 4229 865 4293 honora
881 4234 1003 4315 patrem
1021 4237 1112 4295 tuum
1123 4238 1156 4296 et
1169 4238 1310 4297 matrem.
1347 4230 1373 4269 ²¹
1406 4232 1452 4297 Et
1465 4233 1511 4298 ait

277 4332 388 4395 omnia
410 4331 567 4396 custodiui
583 4332 662 4396 haec
676 4355 694 4395 a
710 4331 878 4397 iuuentute
895 4356 974 4397 mea.
1020 4331 1047 4368 ²²
1091 4332 1185 4416 Quod
1206 4332 1313 4398 audito
1332 4333 1383 4397 ihs
1402 4333 1447 4399 ait
1462 4335 1511 4399 illi

276 4433 310 4498 ei
333 4433 437 4498 adhuc
459 4457 556 4497 unum
580 4433 668 4498 deest
690 4433 758 4498 tibi.
807 4432 926 4499 Omnia
946 4458 1164 4520 quaecumque
1186 4436 1283 4500 habes
1304 4437 1408 4502 ncndc
1424 4446 1456 4502 et
1470 4436 1510 4502 da

276 4535 472 4621 pauperibus
495 4543 526 4600 st
549 4535 678 4600 habebis
700 4537 907 4601 thensaurum
934 4537 967 4600 in
996 4537 1082 4602 caeto
1110 4545 1142 4602 et
1174 4537 1249 4602 ueni
1283 4559 1415 4622 sequere
1449 4562 1509 4604 ms.

279 4635 309 4673 2³
354 4637 417 4702 His
440 4637 495 4703 ille
510 4637 626 4702 auditis
647 4637 849 4704 contristatus
865 4646 913 4704 est
928 4638 1002 4724 quia
1018 4639 1108 4704 diues
1123 4650 1191 4706 erat
1206 4640 1309 4704 ualde.
1333 4638 1361 4677 ²⁴
1390 4641 1511 4708 Uidons
