3467 5192
124 3967 194 4251 f

689 271 843 324 iohannem
862 272 899 333 (c.
919 270 975 335 16).
1407 269 1451 333 55

218 443 369 528 discipuli
391 442 460 508 eius
482 465 554 509 eeoe
576 464 661 506 nuno
682 440 786 527 palam
809 439 947 526 loqueris
969 445 1002 506 et
1023 439 1226 526 prouerbium
1256 439 1378 503 nullum
1407 438 1451 503 di-

221 545 268 612 ois
281 543 404 610 ³⁰nune
426 544 542 610 seimus
565 543 641 629 quia
664 542 771 608 omnia
792 542 893 608 nostis
915 549 947 608 et
970 565 1033 606 non
1055 565 1134 627 opus
1161 548 1211 606 est
1239 540 1298 606 tibi
1327 547 1364 605 ut
1393 540 1450 606 ali·

218 647 293 734 quis
315 655 346 712 te
368 647 542 732 interroget
563 646 597 711 in
619 648 680 712 hoo
702 644 770 710 dixi
792 646 883 711 uobis
905 644 981 730 quia
1003 667 1021 709 a
1044 644 1083 709 de
1106 642 1210 709 existi.
1245 641 1272 679 ³¹
1310 644 1452 729 Respon-

223 750 271 815 dit
291 750 343 815 ihs
366 750 458 815 modo
481 749 619 816 eraditis.
633 747 659 785 ³²
671 747 761 813 uenit
787 748 865 813 hora
891 754 924 813 et
951 747 1015 811 iam
1038 745 1129 812 uenit
1158 755 1194 810 ut
1226 745 1452 832 dispargamini

222 852 441 939 unusquisque
464 852 497 916 in
521 875 578 916 sua
604 857 637 918 et
663 874 714 916 me
746 857 846 915 solum
880 848 1068 934 relinquatis
1102 859 1134 914 et
1166 872 1230 914 non
1263 871 1331 914 sum
1367 851 1452 915 solus

218 956 298 1040 -quia
318 962 409 1041 pater
432 977 557 1020 meeum
584 962 641 1020 est.
686 951 713 991 ³³
757 954 849 1019 Haeo
881 954 1005 1017 loeutus
1037 973 1107 1017 sum
1141 951 1231 1016 uobis
1265 958 1301 1016 ut
1333 951 1367 1015 in
1400 975 1452 1018 me

222 1079 331 1142 paoem
354 1055 506 1123 habeatis.
529 1057 563 1122 in
585 1057 644 1121 hoc
667 1062 773 1121 autem
796 1056 915 1120 mundo
936 1077 1114 1141 pressuram
1136 1052 1292 1119 habebitis
1308 1056 1364 1120 sed
1378 1078 1451 1140 gau·

219 1159 294 1224 dete
317 1159 467 1244 quoniam
490 1182 548 1243 ego
569 1157 634 1224 uioi
658 1158 820 1222 mundum.

308 1263 446 1326 XXXI.
472 1261 509 1347 (o.
539 1263 590 1342 17)
637 1260 648 1297 ¹
693 1260 783 1325 Haeo
809 1261 934 1325 loeutus
963 1266 1012 1324 est
1043 1259 1095 1323 ihs
1129 1263 1161 1324 et
1190 1259 1313 1326 leuauit
1345 1263 1452 1328 oeulos

223 1386 296 1429 suos
318 1364 352 1428 in
374 1365 496 1429 eaelum
520 1372 552 1428 et
574 1362 665 1429 dixit.
689 1371 778 1449 pater
800 1363 891 1428 uenit
914 1363 990 1427 hora
1013 1361 1148 1428 elarifioa
1166 1361 1267 1426 filium
1297 1368 1387 1427 tuum
1416 1374 1453 1429 ut

223 1466 308 1532 filius
329 1467 425 1550 [tuus]
450 1465 600 1533 clarificet
622 1463 772 1532 te²sieut
794 1465 910 1532 dedisti
932 1465 962 1530 ei
984 1471 1174 1550 potestatem
1196 1464 1365 1530 uniuersae
1387 1489 1451 1532 aar·

222 1568 274 1635 nis
296 1575 333 1634 ut
354 1592 447 1635 omne
470 1570 553 1654 quod
576 1567 690 1633 dedisti
712 1567 742 1633 ei
772 1569 825 1633 det
855 1567 920 1633 illis
956 1566 1056 1632 uitam
1090 1573 1260 1632 aeternam.
1306 1566 1319 1604 ³
1363 1568 1454 1636 Haeo

223 1683 272 1737 est
294 1677 401 1738 autem
423 1672 491 1737 uita
513 1678 673 1737 aeternam
696 1678 732 1736 ut
744 1673 778 1750 (l)
800 1678 991 1755 cognoscant
1018 1669 1171 1734 tesolum
1191 1670 1401 1752 dm[ue1·um]
1423 1680 1455 1738 et

222 1797 319 1859 quern
341 1773 456 1840 misisti
478 1775 546 1839 ihm
569 1784 655 1860 xpm.
699 1773 714 1810 4
757 1774 826 1859 Ego
849 1781 881 1839 te
903 1772 1075 1839 alarifioaui
1097 1796 1192 1859 super
1218 1781 1332 1838 terram
1360 1797 1454 1861 opere

221 1889 440 1942 eonsummato
461 1876 546 1962 quod
568 1876 683 1942 dedisti
706 1876 785 1940 mihi
807 1882 843 1941 ut
865 1875 1050 1941 faeiam⁵et
1072 1899 1156 1940 nuno
1179 1875 1315 1942 olarifioa
1342 1901 1393 1942 me
1420 1887 1455 1945 tu

223 1992 315 2066 pater
337 1990 413 2067 aput
434 1979 638 2065 temetipsum
660 1978 804 2044 claritate
826 2002 920 2064 quam
950 1978 1046 2042 habui
1076 1978 1163 2065 prius
1195 2000 1290 2062 quam
1318 1982 1455 2047 mundus

221 2087 307 2148 esset
329 2089 406 2168 aput
427 2089 468 2147 te.
515 2080 528 2119 ⁶
572 2080 777 2147 Manifestaui
801 2103 915 2146 nomen
937 2088 1029 2145 tuum
1058 2081 1239 2147 homiuibus
1267 2105 1345 2168 quos
1371 2085 1456 2149 dedi-

223 2185 265 2252 sti
289 2183 368 2248 mihi
390 2186 429 2249 de
452 2184 569 2249 mundo
591 2184 638 2249 tui
663 2190 752 2249 erant
775 2190 807 2249 et
828 2183 908 2247 mihi
925 2183 1039 2249 dedisti
1055 2206 1107 2249 eos
1123 2190 1156 2248 et
1171 2208 1346 2251 sermonem
1363 2194 1454 2252 tuum

224 2290 409 2367 seruatet(l)
423 2286 531 2352 ⁷nune
552 2285 687 2372 eognoui
710 2285 785 2371 quia
807 2286 914 2350 omnia
937 2308 1155 2369 quaecumque
1170 2286 1287 2352 dedisti
1304 2288 1382 2352 mihi
1401 2290 1455 2354 abs

223 2401 256 2455 te
279 2387 464 2475 sunt⁸quia
486 2391 583 2454 uerba
606 2412 685 2474 quae
708 2388 823 2454 dedisti
843 2387 924 2452 mihi
947 2388 1019 2452 dedi
1042 2389 1088 2453 eis
1111 2396 1143 2454 et
1170 2388 1230 2474 ipsi
1262 2391 1455 2477 adceperunt
1523 2451 1525 2453 ,

223 2501 258 2558 et
280 2498 495 2578 cognouerunt
516 2492 591 2578 quia
613 2515 631 2555 a
653 2499 684 2556 te
710 2492 804 2573 [uere]
819 2491 966 2556 exierunt
988 2497 1020 2556 et
1041 2490 1243 2557 erediderunt
1258 2492 1333 2578 quia
1353 2499 1388 2559 tu
1406 2519 1454 2560 me

226 2595 349 2660 misisti.
364 2594 445 2679 9ego
467 2595 541 2679 rogo
563 2617 620 2680 pro
643 2593 688 2658 eis
711 2617 774 2658 non
797 2616 852 2679 pro
876 2593 995 2658 mundo
1024 2616 1099 2679 rogo
1128 2595 1183 2659 sed
1212 2618 1268 2681 pro
1297 2596 1347 2662 his
1377 2621 1455 2682 quos

227 2698 306 2763 mihi
327 2697 442 2763 dedisti
465 2697 538 2782 quia
560 2697 607 2763 tui
630 2694 786 2762 sunt¹⁰et
817 2720 888 2760 mea
919 2695 1026 2761 omnia
1054 2710 1109 2761 tua
1136 2703 1264 2763 suntet
1297 2705 1352 2764 tua
1386 2723 1455 2766 mea

227 2800 321 2886 [sunt]
345 2806 377 2865 et
399 2799 586 2867 clarificatus
608 2822 678 2864 sum
701 2798 735 2863 iu
758 2799 803 2864 eis
817 2798 842 2834 ²²
856 2806 889 2863 et
911 2797 974 2862 iam
997 2822 1061 2863 uon
1084 2823 1153 2864 sum
1176 2799 1210 2865 in
1233 2801 1352 2866 mundo
1375 2810 1407 2868 et
1421 2803 1456 2867 hi

225 2903 259 2968 in
282 2903 341 2968 hoe
363 2903 481 2968 mundo
503 2907 631 2968 suntet
653 2925 710 2987 ego
733 2901 772 2966 ad
795 2907 826 2966 te
849 2900 953 2966 uenio.

311 3005 469 3070 XXXII.
519 3005 617 3069 Pater
645 3010 752 3069 sanate
791 3025 943 3068 conserua
967 3027 1020 3068 eos
1051 3004 1084 3068 in
1118 3007 1247 3071 nomine
1281 3014 1335 3072 tuo
1369 3005 1456 3092 [quos

225 3107 342 3174 dedisti
364 3108 444 3172 mihi
466 3111 502 3172 ut
524 3106 588 3172 sint
609 3130 708 3171 unum
732 3105 814 3171 sieut
835 3113 867 3172 et
882 3107 960 3188 nosl.
976 3104 1085 3171 ¹²eum
1108 3130 1208 3177 essem
1232 3129 1305 3172 eum
1328 3108 1374 3173 eis
1397 3132 1455 3194 ego

225 3211 391 3276 seruabam
418 3233 472 3275 eos
494 3210 528 3274 in
550 3208 678 3274 nomine
700 3215 764 3274 tuo.
789 3231 867 3293 quos
890 3207 1005 3273 dedisti
1028 3207 1107 3272 mihi
1129 3209 1286 3275 eustodiui
1308 3218 1340 3277 et
1362 3235 1455 3276 nemo

228 3337 268 3377 ex
290 3312 367 3398 ipsis
389 3311 485 3398 periit
513 3311 575 3377 nisi
597 3310 682 3377 filius
704 3309 892 3397 perditionis
914 3319 951 3376 ut
976 3309 1130 3397 scriptura
1155 3311 1323 3399 inpleatur.
1336 3311 1457 3379 ¹³nune

228 3422 334 3480 autem
357 3415 397 3479 ad
419 3422 452 3479 te
474 3414 569 3478 uenio
592 3420 624 3479 et
646 3415 725 3479 haee
746 3414 857 3499 loquor
879 3413 911 3478 in
935 3415 995 3480 hoe
1022 3414 1139 3479 mundo
1168 3423 1204 3480 ut
1229 3416 1368 3481 habeant
1384 3439 1458 3502 gau·

224 3517 316 3582 dium
340 3541 446 3582 meum
468 3517 624 3603 inpletum
647 3517 681 3580 in
703 3517 890 3602 semetipsis.
906 3515 1002 3600 ¹4ego
1026 3517 1098 3581 dedi
1113 3517 1159 3583 eis
1174 3540 1351 3583 sermonem
1366 3524 1457 3583 tuum

228 3628 261 3686 et
288 3621 423 3684 mundus
450 3641 504 3685 eos
532 3619 603 3685 odio
625 3617 737 3684 habuit
760 3642 812 3684 eos
835 3619 995 3702 quianon
1018 3626 1092 3684 sunt
1114 3620 1152 3684 de
1171 3619 1288 3684 mundo
1303 3619 1385 3685 siout
1401 3643 1459 3705 ego

227 3747 292 3788 non
314 3746 384 3788 suru
400 3723 438 3788 de
461 3722 587 3787 mundo.
603 3720 703 3786 ¹⁶non
733 3744 807 3807 rogo
829 3727 865 3786 ut
898 3720 990 3785 tollas
1023 3745 1076 3786 eos
1109 3722 1148 3786 de
1181 3722 1240 3788 hoe
1263 3722 1380 3786 mundo
1403 3723 1459 3786 sed

229 3833 265 3892 ut
284 3847 390 3890 seruas
415 3848 467 3890 eos
489 3848 508 3889 a
530 3826 623 3890 malo.
647 3860 688 3870 -
712 3861 752 3870 -
1122 3885 1125 3890 .

293 3931 330 4008 (o.
349 3929 402 4005 18)
417 3925 482 3974 ⁹-
493 3964 536 3974 -
549 3927 760 4012 (implere)tur
775 3925 930 4012 scriptura
949 3949 1042 4011 quem
1059 3925 1141 3990 dixit
1156 3926 1230 4011 quia
1248 3949 1326 4010 quos
1344 3926 1460 3991 dedisti

229 4030 309 4095 mihi
331 4054 394 4095 non
416 4029 540 4114 perdidi
563 4053 603 4094 ex
634 4028 679 4094 eis
706 4030 886 4115 quiequam.
934 4027 961 4065 ¹⁰
1005 4028 1114 4095 Simon
1142 4027 1240 4114 igitur
1267 4035 1377 4109 petrus
1406 4030 1459 4094 ha·

229 4134 306 4198 bens
327 4131 469 4218 gladium
492 4132 602 4197 eduxit
624 4156 696 4198 eum
719 4139 752 4196 et
773 4130 928 4217 percussit
950 4154 1077 4196 seruum
1093 4129 1247 4218 principis
1261 4132 1459 4196 sacerdotum

226 4242 262 4300 et
273 4235 406 4300 abscidit
427 4236 590 4300 dexteram
613 4233 787 4299 auriculam
810 4235 889 4300 eius.
914 4242 982 4299 erat
1003 4238 1109 4299 autem
1133 4256 1224 4299 seruo
1247 4233 1294 4298 illi
1318 4235 1459 4299 malohus

227 4361 354 4402 nomen.
390 4336 416 4373 ¹¹
460 4336 555 4403 Dixit
577 4360 651 4421 ergo
673 4336 837 4422 impetro
859 4336 959 4402 mitte.
978 4336 1121 4421 gladium
1136 4337 1171 4400 in
1187 4336 1336 4421 uaginam
1358 4358 1458 4400 suam.

230 4439 361 4506 calicem
384 4463 478 4524 quern
503 4440 590 4506 dedit
614 4438 692 4504 mihi
715 4445 804 4526 pater
825 4463 932 4505 nonne
954 4439 1059 4504 bibam
1082 4439 1174 4504 illum
1185 4437 1211 4476 ¹²
1223 4440 1335 4504 cohors
1363 4436 1462 4523 igitur

229 4551 263 4608 et
298 4543 443 4609 tribunus
477 4548 509 4608 et
546 4541 683 4607 ministri
715 4542 882 4608 iudeorum
915 4543 1210 4628 conprehenderunt
1239 4540 1306 4605 ihm
1346 4548 1379 4606 et
1411 4540 1463 4605 ad-
