<?xml version="1.0" encoding="UTF-8"?>
<!DOCTYPE html PUBLIC "-//W3C//DTD XHTML 1.0 Transitional//EN"
    "http://www.w3.org/TR/xhtml1/DTD/xhtml1-transitional.dtd">
<html xmlns="http://www.w3.org/1999/xhtml" xml:lang="en" lang="en">
 <head>
  <title>
</title>
<meta http-equiv="Content-Type" content="text/html;charset=utf-8" />
  <meta name='ocr-system' content='tesseract 3.04.00' />
  <meta name='ocr-capabilities' content='ocr_page ocr_carea ocr_par ocr_line ocrx_word'/>
</head>
<body>
  <div class='ocr_page' id='page_1' title='image "./codexfcorbeiens00unkngoog_0135.png"; bbox 0 0 3467 5192; ppageno 0'>
   <div class='ocr_carea' id='block_1_1' title="bbox 737 276 1480 344">
    <p class='ocr_par' dir='ltr' id='par_1_1' title="bbox 737 276 1480 344">
     <span class='ocr_line' id='line_1_1' title="bbox 737 276 1480 344; baseline 0.003 -17"><span class='ocrx_word' id='word_1_1' title='bbox 737 291 863 329; x_wconf 87' lang='lat' dir='ltr'>marcum</span> <span class='ocrx_word' id='word_1_2' title='bbox 883 276 921 341; x_wconf 89' lang='lat' dir='ltr'>(c.</span> <span class='ocrx_word' id='word_1_3' title='bbox 938 278 992 340; x_wconf 83' lang='lat'>14).</span> <span class='ocrx_word' id='word_1_4' title='bbox 1419 281 1480 344; x_wconf 76' lang='lat'>123</span> 
     </span>
    </p>
   </div>
   <div class='ocr_carea' id='block_1_2' title="bbox 246 442 1493 3912">
    <p class='ocr_par' dir='ltr' id='par_1_2' title="bbox 246 442 1486 2886">
     <span class='ocr_line' id='line_1_2' title="bbox 248 442 1481 535; baseline 0.006 -28"><span class='ocrx_word' id='word_1_5' title='bbox 248 443 369 530; x_wconf 89' lang='lat' dir='ltr'>populi.</span> <span class='ocrx_word' id='word_1_6' title='bbox 416 442 428 480; x_wconf 74' lang='lat'><strong>⁸</strong></span> <span class='ocrx_word' id='word_1_7' title='bbox 472 444 517 509; x_wconf 82' lang='lat' dir='ltr'>Et</span> <span class='ocrx_word' id='word_1_8' title='bbox 540 468 610 509; x_wconf 90' lang='lat' dir='ltr'>cum</span> <span class='ocrx_word' id='word_1_9' title='bbox 634 452 717 510; x_wconf 90' lang='lat' dir='ltr'>esset</span> <span class='ocrx_word' id='word_1_10' title='bbox 738 445 789 510; x_wconf 85' lang='lat' dir='ltr'>ihs</span> <span class='ocrx_word' id='word_1_11' title='bbox 812 446 845 511; x_wconf 91' lang='lat' dir='ltr'>in</span> <span class='ocrx_word' id='word_1_12' title='bbox 867 445 1018 512; x_wconf 87' lang='lat' dir='ltr'>bethania</span> <span class='ocrx_word' id='word_1_13' title='bbox 1039 446 1073 512; x_wconf 92' lang='lat' dir='ltr'>in</span> <span class='ocrx_word' id='word_1_14' title='bbox 1095 447 1186 512; x_wconf 92' lang='lat' dir='ltr'>domo</span> <span class='ocrx_word' id='word_1_15' title='bbox 1210 447 1340 514; x_wconf 89' lang='lat' dir='ltr'>simonis</span> <span class='ocrx_word' id='word_1_16' title='bbox 1365 449 1481 535; x_wconf 80' lang='lat' dir='ltr'>leprosi</span> 
     </span>
     <span class='ocr_line' id='line_1_3' title="bbox 250 545 1481 636; baseline 0.005 -24"><span class='ocrx_word' id='word_1_17' title='bbox 250 555 284 612; x_wconf 90' lang='lat' dir='ltr'>et</span> <span class='ocrx_word' id='word_1_18' title='bbox 309 545 526 613; x_wconf 77' lang='lat' dir='ltr'><strong>discumbente</strong></span> <span class='ocrx_word' id='word_1_19' title='bbox 559 547 623 613; x_wconf 91' lang='lat' dir='ltr'>illc.</span> <span class='ocrx_word' id='word_1_20' title='bbox 671 548 769 614; x_wconf 84' lang='lat' dir='ltr'>Uenit</span> <span class='ocrx_word' id='word_1_21' title='bbox 803 549 918 613; x_wconf 86' lang='lat' dir='ltr'>mulier</span> <span class='ocrx_word' id='word_1_22' title='bbox 952 550 1069 614; x_wconf 89' lang='lat' dir='ltr'>habens</span> <span class='ocrx_word' id='word_1_23' title='bbox 1103 550 1294 616; x_wconf 78' lang='lat' dir='ltr'><strong>alabastrum</strong></span> <span class='ocrx_word' id='word_1_24' title='bbox 1325 553 1481 636; x_wconf 78' lang='lat' dir='ltr'>unguenti</span> 
     </span>
     <span class='ocr_line' id='line_1_4' title="bbox 250 648 1480 739; baseline 0.006 -26"><span class='ocrx_word' id='word_1_25' title='bbox 250 648 342 714; x_wconf 90' lang='lat' dir='ltr'>nardi</span> <span class='ocrx_word' id='word_1_26' title='bbox 365 648 477 734; x_wconf 89' lang='lat' dir='ltr'>spicati</span> <span class='ocrx_word' id='word_1_27' title='bbox 498 649 629 735; x_wconf 83' lang='lat' dir='ltr'><strong>pretiosi</strong></span> <span class='ocrx_word' id='word_1_28' title='bbox 652 659 682 716; x_wconf 92' lang='lat' dir='ltr'>et</span> <span class='ocrx_word' id='word_1_29' title='bbox 714 652 812 717; x_wconf 79' lang='lat' dir='ltr'>fracto</span> <span class='ocrx_word' id='word_1_30' title='bbox 838 653 993 717; x_wconf 88' lang='lat' dir='ltr'>alabastro</span> <span class='ocrx_word' id='word_1_31' title='bbox 1027 652 1139 719; x_wconf 89' lang='lat' dir='ltr'>effudit</span> <span class='ocrx_word' id='word_1_32' title='bbox 1161 676 1255 739; x_wconf 88' lang='lat' dir='ltr'>super</span> <span class='ocrx_word' id='word_1_33' title='bbox 1275 665 1369 739; x_wconf 88' lang='lat' dir='ltr'>caput</span> <span class='ocrx_word' id='word_1_34' title='bbox 1402 654 1480 720; x_wconf 89' lang='lat' dir='ltr'>eius.</span> 
     </span>
     <span class='ocr_line' id='line_1_5' title="bbox 246 749 1484 842; baseline 0.006 -28"><span class='ocrx_word' id='word_1_35' title='bbox 246 750 267 788; x_wconf 79' lang='lat'><strong>⁴</strong></span> <span class='ocrx_word' id='word_1_36' title='bbox 309 749 471 838; x_wconf 80' lang='lat' dir='ltr'><strong>Discipuli</strong></span> <span class='ocrx_word' id='word_1_37' title='bbox 494 760 600 818; x_wconf 89' lang='lat' dir='ltr'>antem</span> <span class='ocrx_word' id='word_1_38' title='bbox 624 752 692 820; x_wconf 89' lang='lat' dir='ltr'>eius</span> <span class='ocrx_word' id='word_1_39' title='bbox 714 753 846 838; x_wconf 82' lang='lat' dir='ltr'>indigne</span> <span class='ocrx_word' id='word_1_40' title='bbox 869 753 1012 820; x_wconf 87' lang='lat' dir='ltr'>ferebant</span> <span class='ocrx_word' id='word_1_41' title='bbox 1035 754 1176 820; x_wconf 88' lang='lat' dir='ltr'>dicentes</span> <span class='ocrx_word' id='word_1_42' title='bbox 1198 766 1234 821; x_wconf 88' lang='lat' dir='ltr'>ut</span> <span class='ocrx_word' id='word_1_43' title='bbox 1256 755 1333 841; x_wconf 91' lang='lat' dir='ltr'>quid</span> <span class='ocrx_word' id='word_1_44' title='bbox 1348 757 1484 842; x_wconf 90' lang='lat' dir='ltr'>perditio</span> 
     </span>
     <span class='ocr_line' id='line_1_6' title="bbox 253 854 1484 945; baseline 0.005 -27"><span class='ocrx_word' id='word_1_45' title='bbox 253 854 332 920; x_wconf 90' lang='lat' dir='ltr'>haec</span> <span class='ocrx_word' id='word_1_46' title='bbox 355 854 670 941; x_wconf 78' lang='lat' dir='ltr'>unguenti⁵p0terat</span> <span class='ocrx_word' id='word_1_47' title='bbox 692 856 777 920; x_wconf 88' lang='lat' dir='ltr'>enim</span> <span class='ocrx_word' id='word_1_48' title='bbox 799 855 978 921; x_wconf 89' lang='lat' dir='ltr'>uenundari</span> <span class='ocrx_word' id='word_1_49' title='bbox 1000 865 1198 941; x_wconf 80' lang='lat' dir='ltr'>unguentum</span> <span class='ocrx_word' id='word_1_50' title='bbox 1220 857 1306 924; x_wconf 87' lang='lat' dir='ltr'>istud</span> <span class='ocrx_word' id='word_1_51' title='bbox 1328 864 1397 944; x_wconf 91' lang='lat' dir='ltr'>plus</span> <span class='ocrx_word' id='word_1_52' title='bbox 1420 865 1484 945; x_wconf 66' lang='lat' dir='ltr'>quir</span> 
     </span>
     <span class='ocr_line' id='line_1_7' title="bbox 247 955 1484 1045; baseline 0.004 -24"><span class='ocrx_word' id='word_1_53' title='bbox 247 955 390 1021; x_wconf 89' lang='lat' dir='ltr'>denariis</span> <span class='ocrx_word' id='word_1_54' title='bbox 412 957 562 1024; x_wconf 78' lang='lat' dir='ltr'>trecentis</span> <span class='ocrx_word' id='word_1_55' title='bbox 585 965 616 1023; x_wconf 91' lang='lat' dir='ltr'>et</span> <span class='ocrx_word' id='word_1_56' title='bbox 637 959 705 1024; x_wconf 89' lang='lat' dir='ltr'>dari</span> <span class='ocrx_word' id='word_1_57' title='bbox 727 958 929 1045; x_wconf 86' lang='lat' dir='ltr'>pauperibus.</span> <span class='ocrx_word' id='word_1_58' title='bbox 953 967 985 1024; x_wconf 89' lang='lat' dir='ltr'>et</span> <span class='ocrx_word' id='word_1_59' title='bbox 1006 958 1185 1026; x_wconf 83' lang='lat' dir='ltr'>fremebant</span> <span class='ocrx_word' id='word_1_60' title='bbox 1205 959 1240 1025; x_wconf 91' lang='lat' dir='ltr'>in</span> <span class='ocrx_word' id='word_1_61' title='bbox 1255 971 1302 1025; x_wconf 80' lang='lat' dir='ltr'>ea.</span> <span class='ocrx_word' id='word_1_62' title='bbox 1317 960 1392 1025; x_wconf 75' lang='lat' dir='ltr'>‘ihs</span> <span class='ocrx_word' id='word_1_63' title='bbox 1408 984 1484 1026; x_wconf 89' lang='lat' dir='ltr'>uero</span> 
     </span>
     <span class='ocr_line' id='line_1_8' title="bbox 253 1057 1485 1150; baseline 0.004 -27"><span class='ocrx_word' id='word_1_64' title='bbox 253 1057 335 1124; x_wconf 86' lang='lat' dir='ltr'>dixit</span> <span class='ocrx_word' id='word_1_65' title='bbox 357 1057 422 1123; x_wconf 90' lang='lat' dir='ltr'>illis</span> <span class='ocrx_word' id='word_1_66' title='bbox 452 1059 546 1124; x_wconf 89' lang='lat' dir='ltr'>sinite</span> <span class='ocrx_word' id='word_1_67' title='bbox 569 1059 655 1124; x_wconf 90' lang='lat' dir='ltr'>illam</span> <span class='ocrx_word' id='word_1_68' title='bbox 679 1060 756 1146; x_wconf 89' lang='lat' dir='ltr'>quid</span> <span class='ocrx_word' id='word_1_69' title='bbox 779 1061 808 1126; x_wconf 89' lang='lat' dir='ltr'>ei</span> <span class='ocrx_word' id='word_1_70' title='bbox 831 1060 957 1127; x_wconf 87' lang='lat' dir='ltr'>molesti</span> <span class='ocrx_word' id='word_1_71' title='bbox 985 1061 1061 1127; x_wconf 87' lang='lat' dir='ltr'>estis</span> <span class='ocrx_word' id='word_1_72' title='bbox 1092 1063 1211 1127; x_wconf 91' lang='lat' dir='ltr'>bonum</span> <span class='ocrx_word' id='word_1_73' title='bbox 1244 1087 1325 1150; x_wconf 88' lang='lat' dir='ltr'>opus</span> <span class='ocrx_word' id='word_1_74' title='bbox 1356 1071 1485 1149; x_wconf 89' lang='lat' dir='ltr'>operata</span> 
     </span>
     <span class='ocr_line' id='line_1_9' title="bbox 247 1159 1484 1249; baseline 0.003 -23"><span class='ocrx_word' id='word_1_75' title='bbox 247 1159 356 1226; x_wconf 78' lang='lat' dir='ltr'>estin</span> <span class='ocrx_word' id='word_1_76' title='bbox 379 1161 560 1248; x_wconf 79' lang='lat' dir='ltr'>me⁷seper</span> <span class='ocrx_word' id='word_1_77' title='bbox 582 1162 667 1228; x_wconf 92' lang='lat' dir='ltr'>enim</span> <span class='ocrx_word' id='word_1_78' title='bbox 689 1164 836 1249; x_wconf 87' lang='lat' dir='ltr'>pauperis</span> <span class='ocrx_word' id='word_1_79' title='bbox 847 1167 883 1244; x_wconf 80' lang='lat' dir='ltr'>(l)</span> <span class='ocrx_word' id='word_1_80' title='bbox 902 1163 1024 1229; x_wconf 87' lang='lat' dir='ltr'>habetis</span> <span class='ocrx_word' id='word_1_81' title='bbox 1041 1165 1205 1231; x_wconf 87' lang='lat' dir='ltr'>nobiscum</span> <span class='ocrx_word' id='word_1_82' title='bbox 1227 1174 1259 1231; x_wconf 88' lang='lat' dir='ltr'>et</span> <span class='ocrx_word' id='word_1_83' title='bbox 1292 1189 1365 1230; x_wconf 93' lang='lat' dir='ltr'>cum</span> <span class='ocrx_word' id='word_1_84' title='bbox 1385 1165 1484 1232; x_wconf 91' lang='lat' dir='ltr'>uultis</span> 
     </span>
     <span class='ocr_line' id='line_1_10' title="bbox 252 1263 1483 1352; baseline 0.004 -25"><span class='ocrx_word' id='word_1_85' title='bbox 252 1263 384 1349; x_wconf 89' lang='lat' dir='ltr'>potestis</span> <span class='ocrx_word' id='word_1_86' title='bbox 407 1263 470 1330; x_wconf 89' lang='lat' dir='ltr'>illis</span> <span class='ocrx_word' id='word_1_87' title='bbox 492 1265 676 1331; x_wconf 80' lang='lat' dir='ltr'>benefacere</span> <span class='ocrx_word' id='word_1_88' title='bbox 699 1290 750 1331; x_wconf 92' lang='lat' dir='ltr'>me</span> <span class='ocrx_word' id='word_1_89' title='bbox 776 1273 882 1332; x_wconf 87' lang='lat' dir='ltr'>antem</span> <span class='ocrx_word' id='word_1_90' title='bbox 905 1290 969 1332; x_wconf 93' lang='lat' dir='ltr'>non</span> <span class='ocrx_word' id='word_1_91' title='bbox 1002 1289 1127 1352; x_wconf 86' lang='lat' dir='ltr'>semper</span> <span class='ocrx_word' id='word_1_92' title='bbox 1158 1267 1281 1333; x_wconf 88' lang='lat' dir='ltr'>habetis</span> <span class='ocrx_word' id='word_1_93' title='bbox 1295 1267 1403 1352; x_wconf 83' lang='lat' dir='ltr'>⁸quod</span> <span class='ocrx_word' id='word_1_94' title='bbox 1432 1269 1483 1332; x_wconf 90' lang='lat' dir='ltr'>ha-</span> 
     </span>
     <span class='ocr_line' id='line_1_11' title="bbox 249 1365 1483 1455; baseline 0.003 -26"><span class='ocrx_word' id='word_1_95' title='bbox 249 1365 322 1430; x_wconf 87' lang='lat' dir='ltr'>buit</span> <span class='ocrx_word' id='word_1_96' title='bbox 344 1367 423 1433; x_wconf 89' lang='lat' dir='ltr'>haec</span> <span class='ocrx_word' id='word_1_97' title='bbox 445 1366 521 1432; x_wconf 83' lang='lat' dir='ltr'>fecit</span> <span class='ocrx_word' id='word_1_98' title='bbox 542 1367 689 1454; x_wconf 89' lang='lat' dir='ltr'>preuenit</span> <span class='ocrx_word' id='word_1_99' title='bbox 713 1374 875 1453; x_wconf 89' lang='lat' dir='ltr'>unguento</span> <span class='ocrx_word' id='word_1_100' title='bbox 897 1391 1017 1454; x_wconf 88' lang='lat' dir='ltr'>ungere</span> <span class='ocrx_word' id='word_1_101' title='bbox 1040 1390 1151 1455; x_wconf 90' lang='lat' dir='ltr'>corpus</span> <span class='ocrx_word' id='word_1_102' title='bbox 1174 1375 1280 1434; x_wconf 84' lang='lat' dir='ltr'>meum</span> <span class='ocrx_word' id='word_1_103' title='bbox 1312 1369 1346 1434; x_wconf 91' lang='lat' dir='ltr'>in</span> <span class='ocrx_word' id='word_1_104' title='bbox 1379 1369 1483 1455; x_wconf 89' lang='lat' dir='ltr'>sepul·</span> 
     </span>
     <span class='ocr_line' id='line_1_12' title="bbox 251 1467 1483 1557; baseline 0.001 -25"><span class='ocrx_word' id='word_1_105' title='bbox 251 1474 367 1532; x_wconf 81' lang='lat' dir='ltr'>turam.</span> <span class='ocrx_word' id='word_1_106' title='bbox 413 1467 426 1506; x_wconf 81' lang='lat'>⁹</span> <span class='ocrx_word' id='word_1_107' title='bbox 468 1470 576 1534; x_wconf 87' lang='lat' dir='ltr'>Amen</span> <span class='ocrx_word' id='word_1_108' title='bbox 598 1469 667 1536; x_wconf 87' lang='lat' dir='ltr'>dico</span> <span class='ocrx_word' id='word_1_109' title='bbox 690 1471 780 1537; x_wconf 89' lang='lat' dir='ltr'>uobis</span> <span class='ocrx_word' id='word_1_110' title='bbox 803 1471 996 1556; x_wconf 90' lang='lat' dir='ltr'>ubicumque</span> <span class='ocrx_word' id='word_1_111' title='bbox 1023 1471 1189 1557; x_wconf 80' lang='lat' dir='ltr'>predicatd</span> <span class='ocrx_word' id='word_1_112' title='bbox 1217 1471 1315 1538; x_wconf 83' lang='lat' dir='ltr'>tuerit</span> <span class='ocrx_word' id='word_1_113' title='bbox 1347 1493 1483 1554; x_wconf 86' lang='lat' dir='ltr'>euange-</span> 
     </span>
     <span class='ocr_line' id='line_1_13' title="bbox 252 1569 1484 1657; baseline 0.002 -23"><span class='ocrx_word' id='word_1_114' title='bbox 252 1570 333 1634; x_wconf 89' lang='lat' dir='ltr'>lium</span> <span class='ocrx_word' id='word_1_115' title='bbox 356 1569 390 1636; x_wconf 94' lang='lat' dir='ltr'>in</span> <span class='ocrx_word' id='word_1_116' title='bbox 412 1578 513 1637; x_wconf 87' lang='lat' dir='ltr'>totum</span> <span class='ocrx_word' id='word_1_117' title='bbox 538 1572 690 1637; x_wconf 89' lang='lat' dir='ltr'>mundum</span> <span class='ocrx_word' id='word_1_118' title='bbox 715 1573 797 1657; x_wconf 92' lang='lat' dir='ltr'>quod</span> <span class='ocrx_word' id='word_1_119' title='bbox 820 1572 897 1638; x_wconf 83' lang='lat' dir='ltr'>fecit</span> <span class='ocrx_word' id='word_1_120' title='bbox 919 1574 998 1639; x_wconf 88' lang='lat' dir='ltr'>haec</span> <span class='ocrx_word' id='word_1_121' title='bbox 1024 1573 1204 1639; x_wconf 82' lang='lat' dir='ltr'>narrabitur</span> <span class='ocrx_word' id='word_1_122' title='bbox 1232 1574 1266 1638; x_wconf 90' lang='lat' dir='ltr'>in</span> <span class='ocrx_word' id='word_1_123' title='bbox 1300 1573 1484 1639; x_wconf 86' lang='lat' dir='ltr'>memoriam</span> 
     </span>
     <span class='ocr_line' id='line_1_14' title="bbox 251 1671 1485 1761; baseline 0.002 -26"><span class='ocrx_word' id='word_1_124' title='bbox 251 1671 363 1759; x_wconf 90' lang='lat' dir='ltr'>ipsius.</span> <span class='ocrx_word' id='word_1_125' title='bbox 411 1672 438 1711; x_wconf 88' lang='lat'>¹⁰</span> <span class='ocrx_word' id='word_1_126' title='bbox 481 1675 525 1740; x_wconf 82' lang='lat' dir='ltr'>Et</span> <span class='ocrx_word' id='word_1_127' title='bbox 546 1674 637 1740; x_wconf 93' lang='lat' dir='ltr'>iudas</span> <span class='ocrx_word' id='word_1_128' title='bbox 659 1675 809 1741; x_wconf 85' lang='lat' dir='ltr'>iscarioth</span> <span class='ocrx_word' id='word_1_129' title='bbox 831 1699 915 1742; x_wconf 89' lang='lat' dir='ltr'>unus</span> <span class='ocrx_word' id='word_1_130' title='bbox 949 1676 988 1740; x_wconf 85' lang='lat' dir='ltr'>da</span> <span class='ocrx_word' id='word_1_131' title='bbox 1021 1675 1187 1741; x_wconf 88' lang='lat' dir='ltr'>duodecim</span> <span class='ocrx_word' id='word_1_132' title='bbox 1218 1675 1297 1741; x_wconf 88' lang='lat' dir='ltr'>abiit</span> <span class='ocrx_word' id='word_1_133' title='bbox 1329 1677 1369 1740; x_wconf 91' lang='lat' dir='ltr'>ad</span> <span class='ocrx_word' id='word_1_134' title='bbox 1401 1674 1485 1761; x_wconf 89' lang='lat' dir='ltr'>prin·</span> 
     </span>
     <span class='ocr_line' id='line_1_15' title="bbox 250 1774 1485 1865; baseline 0.005 -28"><span class='ocrx_word' id='word_1_135' title='bbox 250 1774 340 1860; x_wconf 81' lang='lat' dir='ltr'>cipes</span> <span class='ocrx_word' id='word_1_136' title='bbox 361 1778 558 1844; x_wconf 89' lang='lat' dir='ltr'>sacerdotnm</span> <span class='ocrx_word' id='word_1_137' title='bbox 582 1785 618 1842; x_wconf 92' lang='lat' dir='ltr'>ut</span> <span class='ocrx_word' id='word_1_138' title='bbox 638 1779 784 1864; x_wconf 89' lang='lat' dir='ltr'>proderet</span> <span class='ocrx_word' id='word_1_139' title='bbox 809 1802 892 1844; x_wconf 89' lang='lat' dir='ltr'>eum.</span> <span class='ocrx_word' id='word_1_140' title='bbox 938 1777 964 1814; x_wconf 80' lang='lat'>¹¹</span> <span class='ocrx_word' id='word_1_141' title='bbox 1009 1778 1064 1843; x_wconf 87' lang='lat' dir='ltr'>Ad</span> <span class='ocrx_word' id='word_1_142' title='bbox 1086 1777 1135 1842; x_wconf 90' lang='lat' dir='ltr'>illi</span> <span class='ocrx_word' id='word_1_143' title='bbox 1156 1778 1259 1863; x_wconf 89' lang='lat' dir='ltr'>gauisi</span> <span class='ocrx_word' id='word_1_144' title='bbox 1281 1786 1356 1844; x_wconf 91' lang='lat' dir='ltr'>sunt</span> <span class='ocrx_word' id='word_1_145' title='bbox 1372 1787 1404 1845; x_wconf 88' lang='lat' dir='ltr'>et</span> <span class='ocrx_word' id='word_1_146' title='bbox 1417 1801 1485 1865; x_wconf 81' lang='lat' dir='ltr'>pro</span> 
     </span>
     <span class='ocr_line' id='line_1_16' title="bbox 255 1876 1483 1967; baseline 0.005 -27"><span class='ocrx_word' id='word_1_147' title='bbox 255 1876 410 1943; x_wconf 88' lang='lat' dir='ltr'>miserunt</span> <span class='ocrx_word' id='word_1_148' title='bbox 432 1878 463 1942; x_wconf 91' lang='lat' dir='ltr'>ei</span> <span class='ocrx_word' id='word_1_149' title='bbox 484 1878 651 1965; x_wconf 91' lang='lat' dir='ltr'>pecuniam</span> <span class='ocrx_word' id='word_1_150' title='bbox 674 1880 748 1945; x_wconf 91' lang='lat' dir='ltr'>dare</span> <span class='ocrx_word' id='word_1_151' title='bbox 770 1880 825 1946; x_wconf 88' lang='lat' dir='ltr'>sed</span> <span class='ocrx_word' id='word_1_152' title='bbox 852 1887 885 1946; x_wconf 95' lang='lat' dir='ltr'>et</span> <span class='ocrx_word' id='word_1_153' title='bbox 913 1881 1085 1965; x_wconf 86' lang='lat' dir='ltr'>quaerebat-</span> <span class='ocrx_word' id='word_1_154' title='bbox 1118 1881 1274 1965; x_wconf 92' lang='lat' dir='ltr'>quomodo</span> <span class='ocrx_word' id='word_1_155' title='bbox 1307 1880 1398 1946; x_wconf 89' lang='lat' dir='ltr'>illum</span> <span class='ocrx_word' id='word_1_156' title='bbox 1430 1904 1483 1967; x_wconf 93' lang='lat' dir='ltr'>op·</span> 
     </span>
     <span class='ocr_line' id='line_1_17' title="bbox 252 1980 1484 2069; baseline 0.004 -25"><span class='ocrx_word' id='word_1_157' title='bbox 252 1989 390 2065; x_wconf 83' lang='lat' dir='ltr'>portuno</span> <span class='ocrx_word' id='word_1_158' title='bbox 411 1981 559 2049; x_wconf 89' lang='lat' dir='ltr'>traderet.</span> <span class='ocrx_word' id='word_1_159' title='bbox 605 1980 632 2018; x_wconf 62' lang='lat'>¹2</span> <span class='ocrx_word' id='word_1_160' title='bbox 675 1982 720 2047; x_wconf 82' lang='lat' dir='ltr'>Et</span> <span class='ocrx_word' id='word_1_161' title='bbox 742 1981 843 2067; x_wconf 88' lang='lat' dir='ltr'>prima</span> <span class='ocrx_word' id='word_1_162' title='bbox 866 1982 918 2048; x_wconf 90' lang='lat' dir='ltr'>die</span> <span class='ocrx_word' id='word_1_163' title='bbox 940 2004 1124 2067; x_wconf 83' lang='lat' dir='ltr'>azymorum</span> <span class='ocrx_word' id='word_1_164' title='bbox 1147 1983 1273 2066; x_wconf 90' lang='lat' dir='ltr'>quando</span> <span class='ocrx_word' id='word_1_165' title='bbox 1298 1985 1415 2069; x_wconf 84' lang='lat' dir='ltr'>pascha</span> <span class='ocrx_word' id='word_1_166' title='bbox 1436 1983 1484 2048; x_wconf 93' lang='lat' dir='ltr'>in·</span> 
     </span>
     <span class='ocr_line' id='line_1_18' title="bbox 252 2081 1486 2170; baseline 0.006 -26"><span class='ocrx_word' id='word_1_167' title='bbox 252 2081 424 2148; x_wconf 90' lang='lat' dir='ltr'>molabant.</span> <span class='ocrx_word' id='word_1_168' title='bbox 469 2083 593 2149; x_wconf 86' lang='lat' dir='ltr'>Dicunt</span> <span class='ocrx_word' id='word_1_169' title='bbox 615 2083 646 2149; x_wconf 93' lang='lat' dir='ltr'>ei</span> <span class='ocrx_word' id='word_1_170' title='bbox 668 2083 815 2169; x_wconf 90' lang='lat' dir='ltr'>discipuli</span> <span class='ocrx_word' id='word_1_171' title='bbox 837 2083 893 2149; x_wconf 92' lang='lat' dir='ltr'>ubi</span> <span class='ocrx_word' id='word_1_172' title='bbox 915 2083 965 2148; x_wconf 90' lang='lat' dir='ltr'>nis</span> <span class='ocrx_word' id='word_1_173' title='bbox 988 2107 1098 2148; x_wconf 89' lang='lat' dir='ltr'>eamus</span> <span class='ocrx_word' id='word_1_174' title='bbox 1120 2092 1153 2148; x_wconf 90' lang='lat' dir='ltr'>et</span> <span class='ocrx_word' id='word_1_175' title='bbox 1180 2107 1328 2170; x_wconf 88' lang='lat' dir='ltr'>paremus</span> <span class='ocrx_word' id='word_1_176' title='bbox 1359 2086 1417 2152; x_wconf 91' lang='lat' dir='ltr'>tibi</span> <span class='ocrx_word' id='word_1_177' title='bbox 1450 2097 1486 2152; x_wconf 87' lang='lat' dir='ltr'>ut</span> 
     </span>
     <span class='ocr_line' id='line_1_19' title="bbox 252 2184 1485 2272; baseline 0.006 -25"><span class='ocrx_word' id='word_1_178' title='bbox 252 2185 426 2250; x_wconf 85' lang='lat' dir='ltr'>manduces</span> <span class='ocrx_word' id='word_1_179' title='bbox 447 2188 573 2272; x_wconf 88' lang='lat' dir='ltr'>pascha.</span> <span class='ocrx_word' id='word_1_180' title='bbox 610 2184 635 2223; x_wconf 80' lang='lat'>¹³</span> <span class='ocrx_word' id='word_1_181' title='bbox 679 2187 723 2251; x_wconf 80' lang='lat' dir='ltr'>Et</span> <span class='ocrx_word' id='word_1_182' title='bbox 745 2185 832 2251; x_wconf 86' lang='lat' dir='ltr'>misit</span> <span class='ocrx_word' id='word_1_183' title='bbox 854 2187 932 2251; x_wconf 92' lang='lat' dir='ltr'>duos</span> <span class='ocrx_word' id='word_1_184' title='bbox 954 2210 995 2251; x_wconf 88' lang='lat' dir='ltr'>ax</span> <span class='ocrx_word' id='word_1_185' title='bbox 1017 2184 1183 2271; x_wconf 85' lang='lat' dir='ltr'>discipulis</span> <span class='ocrx_word' id='word_1_186' title='bbox 1206 2186 1271 2251; x_wconf 89' lang='lat' dir='ltr'>suis</span> <span class='ocrx_word' id='word_1_187' title='bbox 1301 2187 1417 2254; x_wconf 88' lang='lat' dir='ltr'>dicens.</span> <span class='ocrx_word' id='word_1_188' title='bbox 1441 2188 1485 2254; x_wconf 87' lang='lat' dir='ltr'>ite</span> 
     </span>
     <span class='ocr_line' id='line_1_20' title="bbox 256 2285 1484 2376; baseline 0.004 -26"><span class='ocrx_word' id='word_1_189' title='bbox 256 2285 289 2351; x_wconf 93' lang='lat' dir='ltr'>in</span> <span class='ocrx_word' id='word_1_190' title='bbox 313 2287 474 2354; x_wconf 87' lang='lat' dir='ltr'>ciuitatem</span> <span class='ocrx_word' id='word_1_191' title='bbox 499 2297 531 2354; x_wconf 91' lang='lat' dir='ltr'>et</span> <span class='ocrx_word' id='word_1_192' title='bbox 553 2287 690 2354; x_wconf 89' lang='lat' dir='ltr'>occurrit</span> <span class='ocrx_word' id='word_1_193' title='bbox 711 2288 802 2353; x_wconf 88' lang='lat' dir='ltr'>uobis</span> <span class='ocrx_word' id='word_1_194' title='bbox 823 2289 918 2352; x_wconf 90' lang='lat' dir='ltr'>homo</span> <span class='ocrx_word' id='word_1_195' title='bbox 940 2296 1068 2374; x_wconf 86' lang='lat' dir='ltr'>portans</span> <span class='ocrx_word' id='word_1_196' title='bbox 1089 2289 1254 2372; x_wconf 87' lang='lat' dir='ltr'>lagoenam</span> <span class='ocrx_word' id='word_1_197' title='bbox 1277 2310 1359 2373; x_wconf 89' lang='lat' dir='ltr'>aque</span> <span class='ocrx_word' id='word_1_198' title='bbox 1381 2289 1484 2376; x_wconf 89' lang='lat' dir='ltr'>seqni-</span> 
     </span>
     <span class='ocr_line' id='line_1_21' title="bbox 253 2388 1486 2476; baseline 0.002 -23"><span class='ocrx_word' id='word_1_199' title='bbox 253 2388 335 2454; x_wconf 90' lang='lat' dir='ltr'>mini</span> <span class='ocrx_word' id='word_1_200' title='bbox 358 2413 430 2454; x_wconf 90' lang='lat' dir='ltr'>eum</span> <span class='ocrx_word' id='word_1_201' title='bbox 444 2389 471 2427; x_wconf 72' lang='lat'>¹⁴</span> <span class='ocrx_word' id='word_1_202' title='bbox 481 2412 680 2476; x_wconf 90' lang='lat' dir='ltr'>quocumque</span> <span class='ocrx_word' id='word_1_203' title='bbox 703 2389 862 2456; x_wconf 89' lang='lat' dir='ltr'>introierit</span> <span class='ocrx_word' id='word_1_204' title='bbox 891 2389 964 2454; x_wconf 78' lang='lat' dir='ltr'>dmd</span> <span class='ocrx_word' id='word_1_205' title='bbox 995 2389 1106 2454; x_wconf 88' lang='lat' dir='ltr'>domus</span> <span class='ocrx_word' id='word_1_206' title='bbox 1139 2389 1290 2475; x_wconf 84' lang='lat' dir='ltr'>magister</span> <span class='ocrx_word' id='word_1_207' title='bbox 1322 2391 1399 2457; x_wconf 87' lang='lat' dir='ltr'>dicit</span> <span class='ocrx_word' id='word_1_208' title='bbox 1430 2392 1486 2456; x_wconf 91' lang='lat' dir='ltr'>ubi</span> 
     </span>
     <span class='ocr_line' id='line_1_22' title="bbox 253 2490 1486 2579; baseline 0.006 -26"><span class='ocrx_word' id='word_1_209' title='bbox 253 2503 305 2556; x_wconf 76' lang='lat' dir='ltr'>cst</span> <span class='ocrx_word' id='word_1_210' title='bbox 327 2491 529 2558; x_wconf 88' lang='lat' dir='ltr'>refectorium</span> <span class='ocrx_word' id='word_1_211' title='bbox 560 2491 614 2557; x_wconf 93' lang='lat' dir='ltr'>ubi</span> <span class='ocrx_word' id='word_1_212' title='bbox 648 2517 720 2558; x_wconf 92' lang='lat' dir='ltr'>cum</span> <span class='ocrx_word' id='word_1_213' title='bbox 753 2491 918 2578; x_wconf 88' lang='lat' dir='ltr'>discipulis</span> <span class='ocrx_word' id='word_1_214' title='bbox 950 2490 1032 2557; x_wconf 89' lang='lat' dir='ltr'>meis</span> <span class='ocrx_word' id='word_1_215' title='bbox 1065 2492 1253 2557; x_wconf 91' lang='lat' dir='ltr'>manducem</span> <span class='ocrx_word' id='word_1_216' title='bbox 1286 2495 1402 2579; x_wconf 88' lang='lat' dir='ltr'>pascha</span> <span class='ocrx_word' id='word_1_217' title='bbox 1417 2493 1443 2532; x_wconf 85' lang='lat'>¹⁵</span> <span class='ocrx_word' id='word_1_218' title='bbox 1454 2505 1486 2560; x_wconf 91' lang='lat' dir='ltr'>et</span> 
     </span>
     <span class='ocr_line' id='line_1_23' title="bbox 255 2592 1485 2681; baseline -0.002 -23"><span class='ocrx_word' id='word_1_219' title='bbox 255 2592 325 2681; x_wconf 92' lang='lat' dir='ltr'>ipse</span> <span class='ocrx_word' id='word_1_220' title='bbox 348 2592 438 2658; x_wconf 88' lang='lat' dir='ltr'>uobis</span> <span class='ocrx_word' id='word_1_221' title='bbox 459 2593 690 2660; x_wconf 88' lang='lat' dir='ltr'>demonstrauit</span> <span class='ocrx_word' id='word_1_222' title='bbox 711 2601 844 2661; x_wconf 88' lang='lat' dir='ltr'>stratum</span> <span class='ocrx_word' id='word_1_223' title='bbox 867 2593 984 2679; x_wconf 90' lang='lat' dir='ltr'>grande</span> <span class='ocrx_word' id='word_1_224' title='bbox 1006 2603 1152 2679; x_wconf 90' lang='lat' dir='ltr'>paratum</span> <span class='ocrx_word' id='word_1_225' title='bbox 1174 2594 1241 2659; x_wconf 90' lang='lat' dir='ltr'>illic</span> <span class='ocrx_word' id='word_1_226' title='bbox 1262 2603 1370 2681; x_wconf 89' lang='lat' dir='ltr'>parate</span> <span class='ocrx_word' id='word_1_227' title='bbox 1385 2597 1485 2661; x_wconf 90' lang='lat' dir='ltr'>nobis.</span> 
     </span>
     <span class='ocr_line' id='line_1_24' title="bbox 258 2695 1486 2782; baseline 0.001 -20"><span class='ocrx_word' id='word_1_228' title='bbox 258 2695 285 2733; x_wconf 79' lang='lat'>¹⁶</span> <span class='ocrx_word' id='word_1_229' title='bbox 329 2697 373 2762; x_wconf 83' lang='lat' dir='ltr'>Et</span> <span class='ocrx_word' id='word_1_230' title='bbox 396 2696 564 2762; x_wconf 85' lang='lat' dir='ltr'>habierunt</span> <span class='ocrx_word' id='word_1_231' title='bbox 588 2697 733 2782; x_wconf 90' lang='lat' dir='ltr'>discipuli</span> <span class='ocrx_word' id='word_1_232' title='bbox 756 2696 825 2762; x_wconf 90' lang='lat' dir='ltr'>eius</span> <span class='ocrx_word' id='word_1_233' title='bbox 848 2705 881 2761; x_wconf 87' lang='lat' dir='ltr'>et</span> <span class='ocrx_word' id='word_1_234' title='bbox 903 2703 1060 2762; x_wconf 90' lang='lat' dir='ltr'>uenerunt</span> <span class='ocrx_word' id='word_1_235' title='bbox 1082 2695 1115 2760; x_wconf 90' lang='lat' dir='ltr'>in</span> <span class='ocrx_word' id='word_1_236' title='bbox 1144 2696 1308 2763; x_wconf 88' lang='lat' dir='ltr'>ciuitatem</span> <span class='ocrx_word' id='word_1_237' title='bbox 1341 2708 1373 2763; x_wconf 88' lang='lat' dir='ltr'>et</span> <span class='ocrx_word' id='word_1_238' title='bbox 1406 2696 1486 2763; x_wconf 85' lang='lat' dir='ltr'>fece·</span> 
     </span>
     <span class='ocr_line' id='line_1_25' title="bbox 257 2798 1084 2886; baseline -0.002 -24"><span class='ocrx_word' id='word_1_239' title='bbox 257 2807 332 2863; x_wconf 88' lang='lat' dir='ltr'>runt</span> <span class='ocrx_word' id='word_1_240' title='bbox 354 2799 435 2864; x_wconf 86' lang='lat' dir='ltr'>siout</span> <span class='ocrx_word' id='word_1_241' title='bbox 459 2798 582 2865; x_wconf 87' lang='lat' dir='ltr'>dixerat</span> <span class='ocrx_word' id='word_1_242' title='bbox 603 2799 667 2864; x_wconf 89' lang='lat' dir='ltr'>illis</span> <span class='ocrx_word' id='word_1_243' title='bbox 690 2811 723 2864; x_wconf 90' lang='lat' dir='ltr'>et</span> <span class='ocrx_word' id='word_1_244' title='bbox 743 2805 938 2886; x_wconf 87' lang='lat' dir='ltr'>parauerunt</span> <span class='ocrx_word' id='word_1_245' title='bbox 959 2799 1084 2882; x_wconf 88' lang='lat' dir='ltr'>pascha.</span> 
     </span>
    </p>

    <p class='ocr_par' dir='ltr' id='par_1_3' title="bbox 254 2899 1493 3912">
     <span class='ocr_line' id='line_1_26' title="bbox 342 2899 1487 2988; baseline 0.003 -23"><span class='ocrx_word' id='word_1_246' title='bbox 342 2901 471 2968; x_wconf 88' lang='lat' dir='ltr'>XLIV.</span> <span class='ocrx_word' id='word_1_247' title='bbox 517 2899 543 2939; x_wconf 80' lang='lat'>¹⁷</span> <span class='ocrx_word' id='word_1_248' title='bbox 589 2903 729 2988; x_wconf 83' lang='lat' dir='ltr'>Uespero</span> <span class='ocrx_word' id='word_1_249' title='bbox 752 2908 858 2967; x_wconf 82' lang='lat' dir='ltr'>eutem</span> <span class='ocrx_word' id='word_1_250' title='bbox 881 2900 965 2967; x_wconf 89' lang='lat' dir='ltr'>facto</span> <span class='ocrx_word' id='word_1_251' title='bbox 995 2900 1085 2966; x_wconf 87' lang='lat' dir='ltr'>uenit</span> <span class='ocrx_word' id='word_1_252' title='bbox 1114 2926 1186 2968; x_wconf 91' lang='lat' dir='ltr'>cum</span> <span class='ocrx_word' id='word_1_253' title='bbox 1218 2902 1304 2968; x_wconf 87' lang='lat' dir='ltr'><strong>XII.</strong></span> <span class='ocrx_word' id='word_1_254' title='bbox 1321 2901 1392 2970; x_wconf 78' lang='lat' dir='ltr'>¹⁸et</span> <span class='ocrx_word' id='word_1_255' title='bbox 1426 2903 1487 2968; x_wconf 89' lang='lat' dir='ltr'>dis·</span> 
     </span>
     <span class='ocr_line' id='line_1_27' title="bbox 254 3001 1489 3090; baseline 0 -21"><span class='ocrx_word' id='word_1_256' title='bbox 254 3003 477 3069; x_wconf 84' lang='lat' dir='ltr'>cumbentibus</span> <span class='ocrx_word' id='word_1_257' title='bbox 500 3003 544 3068; x_wconf 91' lang='lat' dir='ltr'>eis</span> <span class='ocrx_word' id='word_1_258' title='bbox 579 3011 611 3069; x_wconf 89' lang='lat' dir='ltr'>et</span> <span class='ocrx_word' id='word_1_259' title='bbox 644 3002 908 3070; x_wconf 90' lang='lat' dir='ltr'>manducantibus</span> <span class='ocrx_word' id='word_1_260' title='bbox 941 3001 1023 3068; x_wconf 90' lang='lat' dir='ltr'>dixit</span> <span class='ocrx_word' id='word_1_261' title='bbox 1056 3026 1149 3069; x_wconf 91' lang='lat' dir='ltr'>amen</span> <span class='ocrx_word' id='word_1_262' title='bbox 1182 3004 1252 3071; x_wconf 90' lang='lat' dir='ltr'>dico</span> <span class='ocrx_word' id='word_1_263' title='bbox 1284 3006 1375 3071; x_wconf 92' lang='lat' dir='ltr'>uobis</span> <span class='ocrx_word' id='word_1_264' title='bbox 1406 3005 1489 3090; x_wconf 92' lang='lat' dir='ltr'>quod</span> 
     </span>
     <span class='ocr_line' id='line_1_28' title="bbox 258 3105 1490 3190; baseline 0 -20"><span class='ocrx_word' id='word_1_265' title='bbox 258 3127 341 3170; x_wconf 89' lang='lat' dir='ltr'>unus</span> <span class='ocrx_word' id='word_1_266' title='bbox 365 3129 404 3170; x_wconf 86' lang='lat' dir='ltr'>ex</span> <span class='ocrx_word' id='word_1_267' title='bbox 426 3105 517 3172; x_wconf 91' lang='lat' dir='ltr'>uobis</span> <span class='ocrx_word' id='word_1_268' title='bbox 540 3107 642 3172; x_wconf 89' lang='lat' dir='ltr'>tradet</span> <span class='ocrx_word' id='word_1_269' title='bbox 669 3129 720 3172; x_wconf 89' lang='lat' dir='ltr'>me</span> <span class='ocrx_word' id='word_1_270' title='bbox 754 3105 809 3190; x_wconf 93' lang='lat' dir='ltr'>qui</span> <span class='ocrx_word' id='word_1_271' title='bbox 841 3105 1010 3170; x_wconf 90' lang='lat' dir='ltr'>manducet</span> <span class='ocrx_word' id='word_1_272' title='bbox 1043 3128 1177 3171; x_wconf 90' lang='lat' dir='ltr'>mecum.</span> <span class='ocrx_word' id='word_1_273' title='bbox 1224 3107 1251 3144; x_wconf 84' lang='lat'>¹⁹</span> <span class='ocrx_word' id='word_1_274' title='bbox 1294 3107 1349 3172; x_wconf 90' lang='lat' dir='ltr'>Illi</span> <span class='ocrx_word' id='word_1_275' title='bbox 1382 3116 1490 3172; x_wconf 84' lang='lat' dir='ltr'>autem</span> 
     </span>
     <span class='ocr_line' id='line_1_29' title="bbox 254 3208 1492 3294; baseline 0.002 -22"><span class='ocrx_word' id='word_1_276' title='bbox 254 3220 429 3294; x_wconf 85' lang='lat' dir='ltr'>coeperunt</span> <span class='ocrx_word' id='word_1_277' title='bbox 451 3211 630 3276; x_wconf 84' lang='lat' dir='ltr'>contristari</span> <span class='ocrx_word' id='word_1_278' title='bbox 652 3216 685 3276; x_wconf 88' lang='lat' dir='ltr'>et</span> <span class='ocrx_word' id='word_1_279' title='bbox 706 3210 810 3276; x_wconf 88' lang='lat' dir='ltr'>dicere</span> <span class='ocrx_word' id='word_1_280' title='bbox 832 3209 950 3294; x_wconf 89' lang='lat' dir='ltr'>singuli</span> <span class='ocrx_word' id='word_1_281' title='bbox 973 3208 1129 3294; x_wconf 91' lang='lat' dir='ltr'>numquid</span> <span class='ocrx_word' id='word_1_282' title='bbox 1151 3233 1209 3294; x_wconf 90' lang='lat' dir='ltr'>ego</span> <span class='ocrx_word' id='word_1_283' title='bbox 1232 3218 1265 3276; x_wconf 87' lang='lat' dir='ltr'>et</span> <span class='ocrx_word' id='word_1_284' title='bbox 1292 3210 1372 3275; x_wconf 89' lang='lat' dir='ltr'>alius</span> <span class='ocrx_word' id='word_1_285' title='bbox 1402 3233 1492 3274; x_wconf 94' lang='lat' dir='ltr'>num·</span> 
     </span>
     <span class='ocr_line' id='line_1_30' title="bbox 259 3302 1490 3398; baseline 0 -22"><span class='ocrx_word' id='word_1_286' title='bbox 259 3311 335 3395; x_wconf 91' lang='lat' dir='ltr'>qnid</span> <span class='ocrx_word' id='word_1_287' title='bbox 358 3335 425 3396; x_wconf 88' lang='lat' dir='ltr'>ego.</span> <span class='ocrx_word' id='word_1_288' title='bbox 471 3313 499 3350; x_wconf 76' lang='lat'>2⁰</span> <span class='ocrx_word' id='word_1_289' title='bbox 542 3313 667 3398; x_wconf 76' lang='lat' dir='ltr'>Quibus</span> <span class='ocrx_word' id='word_1_290' title='bbox 690 3312 743 3379; x_wconf 89' lang='lat' dir='ltr'>ait.</span> <span class='ocrx_word' id='word_1_291' title='bbox 767 3335 850 3378; x_wconf 88' lang='lat' dir='ltr'>unus</span> <span class='ocrx_word' id='word_1_292' title='bbox 873 3335 914 3377; x_wconf 90' lang='lat' dir='ltr'>ex</span> <span class='ocrx_word' id='word_1_293' title='bbox 939 3311 1103 3377; x_wconf 88' lang='lat' dir='ltr'>duodecim</span> <span class='ocrx_word' id='word_1_294' title='bbox 1128 3312 1184 3397; x_wconf 89' lang='lat' dir='ltr'>qui</span> <span class='ocrx_word' id='word_1_295' title='bbox 1204 3312 1336 3398; x_wconf 89' lang='lat' dir='ltr'>intingit</span> <span class='ocrx_word' id='word_1_296' title='bbox 1366 3302 1490 3380; x_wconf 88' lang='lat' dir='ltr'>mecum</span> 
     </span>
     <span class='ocr_line' id='line_1_31' title="bbox 259 3413 1491 3501; baseline 0.002 -24"><span class='ocrx_word' id='word_1_297' title='bbox 259 3437 388 3479; x_wconf 85' lang='lat' dir='ltr'>manum</span> <span class='ocrx_word' id='word_1_298' title='bbox 411 3414 445 3480; x_wconf 94' lang='lat' dir='ltr'>in</span> <span class='ocrx_word' id='word_1_299' title='bbox 468 3416 581 3482; x_wconf 87' lang='lat' dir='ltr'>catino.</span> <span class='ocrx_word' id='word_1_300' title='bbox 628 3415 653 3452; x_wconf 66' lang='lat'>2¹</span> <span class='ocrx_word' id='word_1_301' title='bbox 697 3416 742 3481; x_wconf 83' lang='lat' dir='ltr'>Et</span> <span class='ocrx_word' id='word_1_302' title='bbox 763 3414 847 3480; x_wconf 89' lang='lat' dir='ltr'>filius</span> <span class='ocrx_word' id='word_1_303' title='bbox 871 3413 1000 3498; x_wconf 91' lang='lat' dir='ltr'>quidem</span> <span class='ocrx_word' id='word_1_304' title='bbox 1022 3413 1161 3480; x_wconf 87' lang='lat' dir='ltr'>hominis</span> <span class='ocrx_word' id='word_1_305' title='bbox 1183 3415 1273 3481; x_wconf 86' lang='lat' dir='ltr'>uadit</span> <span class='ocrx_word' id='word_1_306' title='bbox 1294 3415 1376 3481; x_wconf 87' lang='lat' dir='ltr'>sicut</span> <span class='ocrx_word' id='word_1_307' title='bbox 1398 3414 1491 3501; x_wconf 90' lang='lat' dir='ltr'>scrip·</span> 
     </span>
     <span class='ocr_line' id='line_1_32' title="bbox 261 3514 1491 3601; baseline 0.001 -20"><span class='ocrx_word' id='word_1_308' title='bbox 261 3523 327 3581; x_wconf 92' lang='lat' dir='ltr'>tum</span> <span class='ocrx_word' id='word_1_309' title='bbox 352 3525 400 3583; x_wconf 88' lang='lat' dir='ltr'>est</span> <span class='ocrx_word' id='word_1_310' title='bbox 423 3518 461 3584; x_wconf 88' lang='lat' dir='ltr'>de</span> <span class='ocrx_word' id='word_1_311' title='bbox 484 3518 548 3584; x_wconf 92' lang='lat' dir='ltr'>illo.</span> <span class='ocrx_word' id='word_1_312' title='bbox 594 3518 663 3585; x_wconf 87' lang='lat' dir='ltr'>Uae</span> <span class='ocrx_word' id='word_1_313' title='bbox 686 3527 793 3584; x_wconf 89' lang='lat' dir='ltr'>autem</span> <span class='ocrx_word' id='word_1_314' title='bbox 815 3516 937 3582; x_wconf 90' lang='lat' dir='ltr'>homini</span> <span class='ocrx_word' id='word_1_315' title='bbox 958 3514 1007 3580; x_wconf 92' lang='lat' dir='ltr'>illi</span> <span class='ocrx_word' id='word_1_316' title='bbox 1029 3538 1086 3601; x_wconf 85' lang='lat' dir='ltr'>per</span> <span class='ocrx_word' id='word_1_317' title='bbox 1113 3537 1208 3599; x_wconf 88' lang='lat' dir='ltr'>quem</span> <span class='ocrx_word' id='word_1_318' title='bbox 1236 3517 1320 3582; x_wconf 87' lang='lat' dir='ltr'>fflius</span> <span class='ocrx_word' id='word_1_319' title='bbox 1352 3516 1491 3582; x_wconf 91' lang='lat' dir='ltr'>hominis</span> 
     </span>
     <span class='ocr_line' id='line_1_33' title="bbox 261 3617 1491 3686; baseline 0.001 -4"><span class='ocrx_word' id='word_1_320' title='bbox 261 3619 402 3685; x_wconf 87' lang='lat' dir='ltr'>tradetur</span> <span class='ocrx_word' id='word_1_321' title='bbox 424 3621 540 3686; x_wconf 91' lang='lat' dir='ltr'>bonnm</span> <span class='ocrx_word' id='word_1_322' title='bbox 562 3620 611 3686; x_wconf 92' lang='lat' dir='ltr'>illi</span> <span class='ocrx_word' id='word_1_323' title='bbox 634 3621 747 3686; x_wconf 88' lang='lat' dir='ltr'>sinon</span> <span class='ocrx_word' id='word_1_324' title='bbox 770 3627 854 3686; x_wconf 89' lang='lat' dir='ltr'>esset</span> <span class='ocrx_word' id='word_1_325' title='bbox 875 3624 969 3684; x_wconf 87' lang='lat' dir='ltr'>natus</span> <span class='ocrx_word' id='word_1_326' title='bbox 991 3618 1086 3682; x_wconf 93' lang='lat' dir='ltr'>homo</span> <span class='ocrx_word' id='word_1_327' title='bbox 1107 3618 1173 3684; x_wconf 89' lang='lat' dir='ltr'>ille.</span> <span class='ocrx_word' id='word_1_328' title='bbox 1218 3617 1246 3656; x_wconf 72' lang='lat'>²²</span> <span class='ocrx_word' id='word_1_329' title='bbox 1288 3621 1333 3685; x_wconf 81' lang='lat' dir='ltr'>Et</span> <span class='ocrx_word' id='word_1_330' title='bbox 1363 3619 1491 3685; x_wconf 90' lang='lat' dir='ltr'>mandu-</span> 
     </span>
     <span class='ocr_line' id='line_1_34' title="bbox 257 3720 1493 3811; baseline 0.002 -26"><span class='ocrx_word' id='word_1_331' title='bbox 257 3721 406 3788; x_wconf 86' lang='lat' dir='ltr'>cantibus</span> <span class='ocrx_word' id='word_1_332' title='bbox 429 3723 492 3789; x_wconf 91' lang='lat' dir='ltr'>illis</span> <span class='ocrx_word' id='word_1_333' title='bbox 515 3725 636 3811; x_wconf 90' lang='lat' dir='ltr'>accepit</span> <span class='ocrx_word' id='word_1_334' title='bbox 658 3747 773 3810; x_wconf 91' lang='lat' dir='ltr'>panem</span> <span class='ocrx_word' id='word_1_335' title='bbox 797 3731 828 3788; x_wconf 89' lang='lat' dir='ltr'>et</span> <span class='ocrx_word' id='word_1_336' title='bbox 849 3720 1065 3807; x_wconf 87' lang='lat' dir='ltr'>be(ne)dicens</span> <span class='ocrx_word' id='word_1_337' title='bbox 1088 3720 1183 3806; x_wconf 83' lang='lat' dir='ltr'>fregit</span> <span class='ocrx_word' id='word_1_338' title='bbox 1206 3729 1238 3786; x_wconf 91' lang='lat' dir='ltr'>et</span> <span class='ocrx_word' id='word_1_339' title='bbox 1259 3721 1347 3787; x_wconf 90' lang='lat' dir='ltr'>dedit</span> <span class='ocrx_word' id='word_1_340' title='bbox 1374 3720 1438 3786; x_wconf 89' lang='lat' dir='ltr'>illis</span> <span class='ocrx_word' id='word_1_341' title='bbox 1460 3728 1493 3787; x_wconf 88' lang='lat' dir='ltr'>et</span> 
     </span>
     <span class='ocr_line' id='line_1_35' title="bbox 261 3821 1493 3912; baseline 0.002 -26"><span class='ocrx_word' id='word_1_342' title='bbox 261 3821 344 3889; x_wconf 85' lang='lat' dir='ltr'>dixit</span> <span class='ocrx_word' id='word_1_343' title='bbox 365 3825 498 3911; x_wconf 88' lang='lat' dir='ltr'>accipite</span> <span class='ocrx_word' id='word_1_344' title='bbox 521 3826 605 3894; x_wconf 89' lang='lat' dir='ltr'>edite</span> <span class='ocrx_word' id='word_1_345' title='bbox 626 3828 686 3893; x_wconf 91' lang='lat' dir='ltr'>hoc</span> <span class='ocrx_word' id='word_1_346' title='bbox 708 3832 756 3893; x_wconf 88' lang='lat' dir='ltr'>est</span> <span class='ocrx_word' id='word_1_347' title='bbox 777 3849 889 3912; x_wconf 89' lang='lat' dir='ltr'>corpus</span> <span class='ocrx_word' id='word_1_348' title='bbox 912 3845 1027 3889; x_wconf 90' lang='lat' dir='ltr'>meum.</span> <span class='ocrx_word' id='word_1_349' title='bbox 1046 3821 1117 3889; x_wconf 71' lang='lat' dir='ltr'>²³et</span> <span class='ocrx_word' id='word_1_350' title='bbox 1139 3823 1265 3908; x_wconf 87' lang='lat' dir='ltr'>adcepit</span> <span class='ocrx_word' id='word_1_351' title='bbox 1293 3823 1425 3890; x_wconf 87' lang='lat' dir='ltr'>calicem</span> <span class='ocrx_word' id='word_1_352' title='bbox 1461 3831 1493 3888; x_wconf 90' lang='lat' dir='ltr'>et</span> 
     </span>
    </p>
   </div>
   <div class='ocr_carea' id='block_1_3' title="bbox 257 3924 1505 4406">
    <p class='ocr_par' dir='ltr' id='par_1_4' title="bbox 257 3924 1505 4406">
     <span class='ocr_line' id='line_1_36' title="bbox 260 3924 1505 4020; baseline -0.001 -30"><span class='ocrx_word' id='word_1_353' title='bbox 260 3925 424 3994; x_wconf 87' lang='lat' dir='ltr'>benedixit</span> <span class='ocrx_word' id='word_1_354' title='bbox 453 3937 485 3995; x_wconf 91' lang='lat' dir='ltr'>et</span> <span class='ocrx_word' id='word_1_355' title='bbox 507 3930 594 3996; x_wconf 90' lang='lat' dir='ltr'>dedit</span> <span class='ocrx_word' id='word_1_356' title='bbox 617 3929 663 3995; x_wconf 87' lang='lat' dir='ltr'>eis</span> <span class='ocrx_word' id='word_1_357' title='bbox 686 3938 718 3995; x_wconf 89' lang='lat' dir='ltr'>et</span> <span class='ocrx_word' id='word_1_358' title='bbox 739 3929 888 3995; x_wconf 88' lang='lat' dir='ltr'>biberunt</span> <span class='ocrx_word' id='word_1_359' title='bbox 909 3951 950 3992; x_wconf 87' lang='lat' dir='ltr'>ex</span> <span class='ocrx_word' id='word_1_360' title='bbox 972 3949 1010 3991; x_wconf 91' lang='lat' dir='ltr'>eo</span> <span class='ocrx_word' id='word_1_361' title='bbox 1030 3948 1148 3991; x_wconf 91' lang='lat' dir='ltr'>omnes.</span> <span class='ocrx_word' id='word_1_362' title='bbox 1163 3924 1234 3991; x_wconf 68' lang='lat' dir='ltr'>2⁴et</span> <span class='ocrx_word' id='word_1_363' title='bbox 1262 3924 1309 3990; x_wconf 89' lang='lat' dir='ltr'>ait</span> <span class='ocrx_word' id='word_1_364' title='bbox 1341 3925 1405 3990; x_wconf 91' lang='lat' dir='ltr'>illis</span> <span class='ocrx_word' id='word_1_365' title='bbox 1438 3925 1505 4020; x_wconf 31' lang='lat' dir='ltr'>hic·</span> 
     </span>
     <span class='ocr_line' id='line_1_37' title="bbox 261 4031 1492 4121; baseline 0.001 -27"><span class='ocrx_word' id='word_1_366' title='bbox 261 4037 310 4094; x_wconf 88' lang='lat' dir='ltr'>est</span> <span class='ocrx_word' id='word_1_367' title='bbox 332 4031 460 4116; x_wconf 87' lang='lat' dir='ltr'>sanguis</span> <span class='ocrx_word' id='word_1_368' title='bbox 483 4056 571 4098; x_wconf 85' lang='lat' dir='ltr'>meus</span> <span class='ocrx_word' id='word_1_369' title='bbox 595 4033 650 4118; x_wconf 93' lang='lat' dir='ltr'>qni</span> <span class='ocrx_word' id='word_1_370' title='bbox 671 4057 728 4121; x_wconf 91' lang='lat' dir='ltr'>pro</span> <span class='ocrx_word' id='word_1_371' title='bbox 751 4032 861 4098; x_wconf 92' lang='lat' dir='ltr'>multis</span> <span class='ocrx_word' id='word_1_372' title='bbox 888 4035 1077 4102; x_wconf 85' lang='lat' dir='ltr'>effundetur.</span> <span class='ocrx_word' id='word_1_373' title='bbox 1123 4033 1150 4072; x_wconf 70' lang='lat'>²⁶</span> <span class='ocrx_word' id='word_1_374' title='bbox 1194 4033 1303 4098; x_wconf 88' lang='lat' dir='ltr'>Amen</span> <span class='ocrx_word' id='word_1_375' title='bbox 1336 4031 1407 4096; x_wconf 89' lang='lat' dir='ltr'>dico</span> <span class='ocrx_word' id='word_1_376' title='bbox 1440 4053 1492 4095; x_wconf 92' lang='lat' dir='ltr'>uo·</span> 
     </span>
     <span class='ocr_line' id='line_1_38' title="bbox 261 4131 1492 4220; baseline 0.002 -26"><span class='ocrx_word' id='word_1_377' title='bbox 261 4131 310 4195; x_wconf 85' lang='lat' dir='ltr'>bis</span> <span class='ocrx_word' id='word_1_378' title='bbox 332 4134 416 4218; x_wconf 89' lang='lat' dir='ltr'>quod</span> <span class='ocrx_word' id='word_1_379' title='bbox 438 4136 502 4200; x_wconf 83' lang='lat' dir='ltr'>ism</span> <span class='ocrx_word' id='word_1_380' title='bbox 526 4158 588 4200; x_wconf 89' lang='lat' dir='ltr'>non</span> <span class='ocrx_word' id='word_1_381' title='bbox 610 4135 716 4202; x_wconf 89' lang='lat' dir='ltr'>bibam</span> <span class='ocrx_word' id='word_1_382' title='bbox 739 4135 778 4200; x_wconf 93' lang='lat' dir='ltr'>de</span> <span class='ocrx_word' id='word_1_383' title='bbox 798 4136 859 4201; x_wconf 88' lang='lat' dir='ltr'>hac</span> <span class='ocrx_word' id='word_1_384' title='bbox 880 4137 1086 4220; x_wconf 88' lang='lat' dir='ltr'>generatione</span> <span class='ocrx_word' id='word_1_385' title='bbox 1108 4134 1183 4200; x_wconf 90' lang='lat' dir='ltr'>uitis</span> <span class='ocrx_word' id='word_1_386' title='bbox 1214 4158 1314 4220; x_wconf 88' lang='lat' dir='ltr'>usque</span> <span class='ocrx_word' id='word_1_387' title='bbox 1347 4133 1381 4197; x_wconf 92' lang='lat' dir='ltr'>in</span> <span class='ocrx_word' id='word_1_388' title='bbox 1409 4132 1492 4197; x_wconf 90' lang='lat' dir='ltr'>diem</span> 
     </span>
     <span class='ocr_line' id='line_1_39' title="bbox 257 4232 1494 4322; baseline 0.002 -26"><span class='ocrx_word' id='word_1_389' title='bbox 257 4232 352 4298; x_wconf 89' lang='lat' dir='ltr'>illum</span> <span class='ocrx_word' id='word_1_390' title='bbox 375 4259 446 4301; x_wconf 91' lang='lat' dir='ltr'>cum</span> <span class='ocrx_word' id='word_1_391' title='bbox 468 4236 574 4302; x_wconf 90' lang='lat' dir='ltr'>bibam</span> <span class='ocrx_word' id='word_1_392' title='bbox 596 4237 676 4302; x_wconf 91' lang='lat' dir='ltr'>illud</span> <span class='ocrx_word' id='word_1_393' title='bbox 699 4260 818 4302; x_wconf 90' lang='lat' dir='ltr'>nouum</span> <span class='ocrx_word' id='word_1_394' title='bbox 841 4236 875 4301; x_wconf 91' lang='lat' dir='ltr'>in</span> <span class='ocrx_word' id='word_1_395' title='bbox 899 4260 996 4322; x_wconf 90' lang='lat' dir='ltr'>regno</span> <span class='ocrx_word' id='word_1_396' title='bbox 1019 4239 1059 4303; x_wconf 90' lang='lat' dir='ltr'>di.</span> <span class='ocrx_word' id='word_1_397' title='bbox 1106 4236 1133 4276; x_wconf 78' lang='lat'>²⁶</span> <span class='ocrx_word' id='word_1_398' title='bbox 1181 4237 1226 4302; x_wconf 78' lang='lat' dir='ltr'>Et</span> <span class='ocrx_word' id='word_1_399' title='bbox 1257 4237 1376 4321; x_wconf 88' lang='lat' dir='ltr'>hymno</span> <span class='ocrx_word' id='word_1_400' title='bbox 1410 4234 1494 4302; x_wconf 91' lang='lat' dir='ltr'>dicto</span> 
     </span>
     <span class='ocr_line' id='line_1_40' title="bbox 259 4335 773 4406; baseline 0.004 -6"><span class='ocrx_word' id='word_1_401' title='bbox 259 4335 412 4402; x_wconf 89' lang='lat' dir='ltr'>exierunt</span> <span class='ocrx_word' id='word_1_402' title='bbox 434 4337 468 4403; x_wconf 93' lang='lat' dir='ltr'>in</span> <span class='ocrx_word' id='word_1_403' title='bbox 491 4347 630 4406; x_wconf 90' lang='lat' dir='ltr'>montem</span> <span class='ocrx_word' id='word_1_404' title='bbox 654 4338 773 4405; x_wconf 90' lang='lat' dir='ltr'>oliueti.</span> 
     </span>
    </p>
   </div>
   <div class='ocr_carea' id='block_1_4' title="bbox 262 4437 1496 4731">
    <p class='ocr_par' dir='ltr' id='par_1_5' title="bbox 262 4437 1496 4731">
     <span class='ocr_line' id='line_1_41' title="bbox 348 4437 1494 4508; baseline -0.003 -4"><span class='ocrx_word' id='word_1_405' title='bbox 348 4439 457 4506; x_wconf 79' lang='lat' dir='ltr'>XLV.</span> <span class='ocrx_word' id='word_1_406' title='bbox 504 4439 531 4479; x_wconf 75' lang='lat'>²⁷</span> <span class='ocrx_word' id='word_1_407' title='bbox 574 4441 666 4508; x_wconf 81' lang='lat' dir='ltr'>Tunc</span> <span class='ocrx_word' id='word_1_408' title='bbox 688 4441 734 4507; x_wconf 89' lang='lat' dir='ltr'>ait</span> <span class='ocrx_word' id='word_1_409' title='bbox 756 4440 820 4508; x_wconf 90' lang='lat' dir='ltr'>illis</span> <span class='ocrx_word' id='word_1_410' title='bbox 843 4441 1029 4506; x_wconf 79' lang='lat' dir='ltr'>insomnes</span> <span class='ocrx_word' id='word_1_411' title='bbox 1052 4463 1109 4506; x_wconf 89' lang='lat' dir='ltr'>uos</span> <span class='ocrx_word' id='word_1_412' title='bbox 1136 4437 1343 4506; x_wconf 82' lang='lat' dir='ltr'>scandalizari</span> <span class='ocrx_word' id='word_1_413' title='bbox 1362 4437 1494 4504; x_wconf 87' lang='lat' dir='ltr'>habetis.</span> 
     </span>
     <span class='ocr_line' id='line_1_42' title="bbox 264 4538 1495 4641; baseline 0 -35"><span class='ocrx_word' id='word_1_414' title='bbox 264 4538 349 4624; x_wconf 80' lang='lat' dir='ltr'>Quia</span> <span class='ocrx_word' id='word_1_415' title='bbox 371 4541 525 4627; x_wconf 87' lang='lat' dir='ltr'>scriptum</span> <span class='ocrx_word' id='word_1_416' title='bbox 548 4551 604 4608; x_wconf 90' lang='lat' dir='ltr'>est.</span> <span class='ocrx_word' id='word_1_417' title='bbox 633 4541 808 4628; x_wconf 88' lang='lat' dir='ltr'>percutiam</span> <span class='ocrx_word' id='word_1_418' title='bbox 838 4548 996 4628; x_wconf 86' lang='lat' dir='ltr'>pastorem</span> <span class='ocrx_word' id='word_1_419' title='bbox 1028 4550 1060 4607; x_wconf 90' lang='lat' dir='ltr'>et</span> <span class='ocrx_word' id='word_1_420' title='bbox 1091 4541 1313 4641; x_wconf 82' lang='lat' dir='ltr'>dispergentur</span> <span class='ocrx_word' id='word_1_421' title='bbox 1337 4563 1421 4607; x_wconf 86' lang='lat' dir='ltr'>oues.</span> <span class='ocrx_word' id='word_1_422' title='bbox 1468 4538 1495 4576; x_wconf 78' lang='lat'>²⁸</span> 
     </span>
     <span class='ocr_line' id='line_1_43' title="bbox 262 4641 1496 4731; baseline 0 -23"><span class='ocrx_word' id='word_1_423' title='bbox 262 4641 329 4708; x_wconf 85' lang='lat' dir='ltr'>Sed</span> <span class='ocrx_word' id='word_1_424' title='bbox 350 4652 518 4730; x_wconf 89' lang='lat' dir='ltr'>postquam</span> <span class='ocrx_word' id='word_1_425' title='bbox 541 4667 741 4712; x_wconf 86' lang='lat' dir='ltr'>resurrexero</span> <span class='ocrx_word' id='word_1_426' title='bbox 763 4644 931 4731; x_wconf 89' lang='lat' dir='ltr'>precedam</span> <span class='ocrx_word' id='word_1_427' title='bbox 953 4668 1011 4711; x_wconf 91' lang='lat' dir='ltr'>uos</span> <span class='ocrx_word' id='word_1_428' title='bbox 1033 4644 1067 4709; x_wconf 90' lang='lat' dir='ltr'>in</span> <span class='ocrx_word' id='word_1_429' title='bbox 1085 4644 1262 4730; x_wconf 86' lang='lat' dir='ltr'>galilaeam.</span> <span class='ocrx_word' id='word_1_430' title='bbox 1308 4641 1336 4680; x_wconf 78' lang='lat'>²⁹</span> <span class='ocrx_word' id='word_1_431' title='bbox 1379 4643 1496 4708; x_wconf 87' lang='lat' dir='ltr'>Petrus</span> 
     </span>
    </p>
   </div>
   <div class='ocr_carea' id='block_1_5' title="bbox 0 0 1751 5192">
    <p class='ocr_par' dir='ltr' id='par_1_6' title="bbox 0 0 1751 5192">
     <span class='ocr_line' id='line_1_44' title="bbox 0 0 1751 5192; baseline 0 0"><span class='ocrx_word' id='word_1_432' title='bbox 0 0 1751 5192; x_wconf 95' lang='lat' dir='ltr'> </span> 
     </span>
    </p>
   </div>
  </div>
 </body>
</html>
