3467 5192
305 237 350 302 58
732 235 769 300 (c.
792 233 834 300 19)
852 236 1034 300 euangelium
1056 250 1112 288 sec.

308 405 454 470 hebraice
477 405 574 470 latine
598 412 630 470 et
650 428 789 489 graecae.
837 405 862 442 ²¹
911 405 1067 472 Dicebant
1089 429 1162 486 ergo
1184 405 1282 491 pilato
1309 405 1467 491 principes
1489 429 1536 470 sa·

306 509 478 574 cardetum.
503 508 568 572 noli
592 508 728 573 scribere
750 531 807 572 rex
830 507 996 573 iudeorum
1025 508 1081 572 sed
1112 509 1188 594 quia
1220 508 1275 573 ille
1306 508 1388 572 dixit
1420 531 1477 572 rex
1499 508 1537 572 sr‘r

299 611 482 684 iudeorum.
542 608 568 646 ²²
623 610 802 696 Respondit
834 610 952 696 pilatus
982 610 1066 696 quod
1098 609 1210 696 scripsi
1243 609 1363 696 scripsi.
1381 607 1407 646 33
1420 608 1538 674 milites

306 735 382 798 ergo
406 735 477 777 cum
502 711 732 778 crucifixissent
755 736 827 777 eum
851 713 1043 798 adceperunt
1070 712 1261 778 uestimenta
1293 712 1362 777 eius
1395 719 1427 777 et
1460 710 1538 776 fece

306 821 384 879 runt
406 820 541 899 quatuor
562 820 666 900 partes
689 814 862 900 unicuique
885 814 981 879 militi
1007 822 1128 901 patrem
1160 813 1202 899 [et
1223 812 1385 899 tunicaml.
1415 812 1539 879 Tunica

307 923 417 982 autem
441 915 495 1000 qui
519 922 586 981 erat
619 926 767 982 contexta
796 917 834 980 de
864 917 1025 1001 superiore
1055 941 1112 1003 per
1139 924 1241 982 totum
1275 921 1406 982 uberat
1431 940 1539 982 consu·

310 1017 384 1084 tilis.
401 1016 428 1055 ²⁴
439 1017 591 1083 dixerunt
612 1042 686 1104 ergo
709 1019 748 1084 ad
771 1020 957 1084 alterutrum
981 1041 1043 1083 non
1066 1019 1224 1085 scidamus
1252 1043 1321 1085 eam
1349 1019 1406 1084 sed
1432 1018 1537 1084 sortia·

309 1145 383 1186 ‘mur
405 1121 443 1185 de
465 1121 520 1185 illa
543 1122 633 1186 cuius
656 1121 705 1186 sit.
730 1128 766 1186 ut
781 1121 935 1207 scriptura
959 1119 1256 1206 inpleaturldicens]
1286 1121 1464 1186 diuiserunt
1479 1119 1539 1186 sibi

308 1224 501 1290 uestimenta
523 1246 594 1288 mea
617 1231 648 1288 et
669 1246 764 1308 super
785 1223 1012 1288 uestimentum
1035 1247 1141 1288 meum
1165 1225 1318 1289 miserunt
1340 1231 1465 1288 sortem.
1495 1223 1540 1288 Et

309 1325 428 1392 milites
450 1326 578 1411 quidem
605 1326 684 1391 haec
714 1325 866 1392 fecerunt.
913 1323 941 1363 33
985 1325 1119 1392 Stabant
1152 1333 1258 1392 autem
1290 1325 1381 1391 iuxta
1414 1349 1538 1392 crucem

309 1428 368 1493 ihu
391 1438 493 1494 mater
515 1427 584 1492 eius
607 1435 639 1492 et
661 1450 749 1492 soror
771 1429 881 1494 matris
906 1429 974 1494 eius
996 1428 1096 1492 maria
1118 1430 1266 1514 cleophae
1281 1437 1313 1493 et
1335 1427 1435 1493 maria
1455 1451 1538 1511 mag-

307 1532 431 1596 dalene.
478 1529 504 1568 33
549 1531 629 1596 Oum
653 1529 787 1596 uidisset
816 1538 923 1596 autem
952 1531 1003 1595 ihs
1037 1538 1170 1595 matrem
1201 1539 1234 1596 et
1265 1530 1454 1617 discipulum
1489 1530 1539 1594 ad·

308 1639 415 1698 stante
438 1656 532 1718 quem
556 1632 707 1718 diligebat
739 1634 785 1698 ait
810 1633 905 1699 matri
927 1657 1011 1698 suae.
1046 1632 1161 1698 mulier
1193 1657 1264 1699 ecce
1296 1633 1381 1698 filius
1415 1641 1498 1698 tuus.
1512 1629 1538 1669 33

308 1735 425 1800 deinde
448 1734 524 1801 dicit
546 1735 700 1821 discipulo
723 1759 794 1802 ecoe
818 1742 918 1801 mater
940 1742 1003 1801 tua.
1027 1742 1122 1801 etex
1146 1735 1201 1800 illa
1222 1738 1300 1800 hora
1313 1735 1439 1820 adcepit
1453 1734 1538 1798 illam

307 1837 484 1925 discipulus
506 1839 540 1902 iu
564 1861 629 1902 sua.
676 1836 703 1874 33
745 1839 863 1904 Postea
885 1839 936 1902 ihs
959 1840 1061 1905 sciens
1084 1838 1233 1923 quoniam
1263 1837 1369 1903 omnia
1398 1860 1539 1902 consum·

310 1948 397 2005 mata
419 1949 494 2006 sunt
519 1947 557 2006 ut
586 1940 741 2026 scriptura
770 1941 929 2027 inpleatur
950 1940 1003 2006 ait.
1039 1941 1121 2006 sitio.
1167 1938 1194 1976 ²⁹
1237 1941 1282 2005 Et
1312 1963 1368 2004 uos
1400 1940 1538 2027 positum

307 2048 378 2107 erat
400 2049 488 2112 aceto
510 2043 649 2128 plenum.
674 2043 838 2129 spongiam
861 2066 935 2128 ergo
957 2044 1082 2130 plenam
1106 2053 1174 2108 erat
1197 2050 1283 2108 eoeto
1312 2043 1450 2129 perticae
1479 2041 1538 2106 cir·

308 2152 537 2231 cumponentes
566 2146 749 2210 obtulerunt
779 2146 827 2210 ori
860 2145 938 2212 eins.
984 2144 1012 2182 33
1055 2144 1138 2210 Cum
1172 2169 1245 2230 ergo
1278 2145 1453 2230 adcepisset
1487 2145 1539 2209 ihs

307 2255 434 2315 acetum
457 2247 535 2313 dixit
558 2255 807 2313 consummatum
833 2255 890 2314 est.
921 2256 953 2315 st
981 2248 1132 2313 inclinato
1163 2247 1265 2334 cupite
1296 2247 1428 2313 tradidit
1460 2257 1537 2332 spffl.

310 2349 337 2388 ³¹
348 2349 454 2415 iudaei
477 2374 550 2434 ergo
574 2351 724 2435 quoniam
746 2373 915 2437 parasceue
940 2353 1027 2434 [erat]
1050 2374 1090 2414 ne
1112 2356 1290 2416 remaneret
1312 2351 1345 2415 in
1369 2373 1460 2416 cruce
1476 2372 1539 2415 cor·

310 2475 386 2539 pora
407 2453 440 2516 in
463 2455 591 2519 sabbato
615 2461 681 2519 erat
704 2453 789 2518 enim
813 2478 946 2538 magnus
968 2454 1035 2519 dies
1058 2453 1112 2517 ille
1135 2453 1256 2518 sabbati
1278 2460 1470 2538 rogauerunt
1496 2451 1540 2537 pi·

309 2557 408 2622 latum
432 2562 468 2620 ut
490 2555 710 2640 frangerentur
733 2579 840 2620 eorum
865 2579 956 2621 crura
978 2563 1011 2622 et
1039 2555 1233 2621 tollerentur.
1290 2553 1317 2592 33
1371 2555 1539 2620 Uenerunt

309 2682 383 2743 ergo
407 2657 523 2723 milites
546 2665 577 2722 et
599 2658 685 2722 illius
708 2657 835 2742 quidem
858 2658 954 2744 primi
977 2658 1140 2742 fregerunt
1165 2682 1256 2723 crura
1285 2666 1318 2722 et
1345 2656 1476 2722 alterius
1502 2657 1539 2722 si-

309 2761 377 2825 mul
400 2760 455 2845 qui
478 2759 642 2824 crusifixus
665 2767 733 2824 erat
758 2784 828 2824 cum
859 2759 997 2825 11133111
1029 2763 1096 2825 ihr'r‘r
1129 2768 1235 2827 autem
1269 2783 1342 2825 cum
1375 2759 1539 2824 uenissent

308 2870 344 2927 ut
366 2861 521 2927 uidissent
543 2886 614 2926 eum
632 2870 789 2926 mortuum
807 2886 871 2927 non
884 2863 1046 2948 fregerunt
1057 2864 1087 2928 ei
1099 2887 1197 2929 crura.
1212 2860 1239 2900 ³⁴
1250 2863 1306 2928 sed
1320 2886 1420 2927 unum
1432 2863 1468 2942 (l)
1484 2861 1539 2926 mi·

309 2964 403 3030 litum
423 2965 533 3030 lancea
560 2964 644 3029 latus
677 2965 745 3030 eius
778 2965 934 3051 percussit
966 2971 999 3030 et
1032 2965 1133 3031 cxiuit
1164 2964 1312 3031 continuo
1346 2965 1474 3050 sanguis
1508 2973 1541 3029 et

307 3090 400 3152 aqua.
447 3065 473 3105 33
515 3067 560 3132 Et
581 3067 638 3152 qui
651 3063 742 3132 'uidit
764 3067 981 3133 testimonium
1004 3068 1165 3154 perhibuit
1187 3074 1219 3133 et
1241 3091 1353 3133 uerum
1381 3075 1429 3133 est
1450 3066 1537 3132 testi·

310 3171 451 3235 monium
475 3169 551 3234 eius.
577 3179 608 3234 et
634 3169 688 3234 ille
715 3171 774 3235 scit
800 3169 876 3254 quia
911 3194 987 3235 uera
1019 3170 1098 3236 dicit
1131 3176 1167 3234 ut
1196 3178 1229 3235 et
1260 3193 1317 3235 uos
1351 3168 1539 3235 credatis³⁶

310 3273 393 3337 facta
415 3278 489 3337 sunt
511 3271 596 3336 enim
618 3273 696 3337 haec
719 3278 755 3336 ut
777 3272 931 3358 scriptura
956 3272 1163 3358 adinpleatur.
1188 3295 1222 3336 os
1243 3295 1307 3337 non
1335 3271 1539 3357 confringetis

309 3375 350 3438 ab
373 3373 504 3440 1133111
526 3374 642 3438 iterum
665 3373 728 3438 alia
750 3373 912 3460 scriptura.
937 3375 1091 3440 uidebunt
1113 3374 1147 3439 in
1174 3397 1269 3458 quem
1287 3383 1538 3460 conpuuxsrunt.

310 3475 339 3514 33
383 3478 461 3542 Post
482 3477 562 3541 haec
584 3476 708 3561 rogauit
731 3469 863 3562 pilatum
887 3477 997 3564 ioseph
1019 3479 1058 3542 ab
1081 3476 1248 3542 arimathia
1270 3477 1327 3562 qui
1349 3481 1417 3542 erat
1446 3476 1538 3542 disci·

308 3582 405 3667 pulus
427 3579 483 3644 ihu
507 3584 628 3645 occulte
651 3587 757 3644 autem
780 3587 909 3666 propter
930 3584 1049 3645 metum
1072 3579 1256 3645 iudaeorum
1279 3588 1315 3644 ut
1337 3580 1463 3645 tolleret
1477 3603 1541 3644 cor-

310 3707 369 3770 pus
391 3683 458 3747 ihu.
503 3683 547 3747 Et
569 3681 860 3768 permisitpilatus.
884 3690 1043 3748 uenerunt
1064 3705 1138 3768 ergo
1161 3688 1192 3747 et
1219 3683 1362 3747 tulerunt
1384 3705 1466 3746 eum.
1513 3680 1541 3719 33

311 3785 410 3852 Uenit
433 3807 505 3870 ergo
528 3772 712 3849 nicodemus
734 3784 790 3868 qui
811 3784 949 3869 primum
977 3794 1108 3850 uenerat
1138 3785 1177 3848 ad
1210 3784 1277 3848 ihr'n
1310 3792 1402 3849 nocte
1435 3783 1540 3850 ferens

309 3889 480 3953 mixturam
505 3910 630 3951 murrae
653 3895 684 3952 et
707 3887 791 3952 aloes
813 3885 904 3972 quasi
926 3887 1021 3952 libras
1045 3895 1181 3953 centum.
1202 3885 1231 3923 ⁴⁰
1249 3893 1437 3972 acceperunt
1466 3911 1540 3972 ergo

308 4015 421 4077 corpus
443 3990 499 4055 ihr'r
524 3998 555 4054 et
577 3988 758 4073 ligauerunt
780 4012 851 4052 eum
877 3987 1003 4074 [linteis]
1036 4013 1108 4054 cum
1140 3989 1332 4054 aromatibus
1361 3989 1442 4054 siout
1469 4011 1541 4055 con·

309 4094 443 4158 suetudo
466 4091 587 4156 iudaeis
610 4090 750 4176 sepelire.
796 4091 823 4128 ‘²¹
868 4093 949 4157 Erat
971 4099 1076 4157 autem
1099 4093 1132 4155 in
1147 4090 1214 4156 loco
1230 4091 1285 4155 ubi
1308 4091 1478 4157 crucifixus
1494 4098 1541 4157 est

309 4198 419 4261 hortus
442 4205 473 4260 et
496 4194 527 4257 in
551 4195 641 4260 horto
665 4199 905 4260 monumentum
929 4218 1046 4259 nouum
1069 4193 1103 4257 in
1127 4215 1189 4276 quo
1211 4194 1352 4258 nondum
1371 4193 1539 4279 quisquam

309 4299 430 4386 positus
454 4303 529 4361 erat.
542 4295 626 4361 ⁴2ibi
649 4320 721 4381 ergo
744 4303 872 4383 propter
894 4317 1086 4382 parasceuen
1109 4296 1184 4380 quia
1213 4296 1304 4361 iuxta
1333 4304 1400 4361 erat
1429 4320 1539 4360 monu-

309 4410 451 4466 mentum
475 4412 649 4484 pcsuerunt
672 4401 747 4463 ihm.

395 4501 548 4568 XXXV.
573 4505 610 4582 (c.
634 4504 689 4578 20)
736 4501 747 4537 ¹
795 4503 866 4566 Una
888 4511 995 4566 autem
1018 4501 1139 4567 sabbati
1161 4502 1262 4566 maria
1281 4501 1469 4585 magdalene
1486 4525 1541 4566 ue·

308 4607 358 4670 nit
389 4628 481 4670 mane
511 4628 582 4668 cum
615 4605 717 4668 adhuc
750 4604 900 4668 tenebrae
933 4612 1037 4670 essent
1069 4603 1109 4667 ad
1143 4611 1361 4668 monumscum
1395 4609 1428 4668 et
1459 4603 1542 4670 uidit
