3467 5192
294 240 358 304 106
728 235 765 300 (c.
785 236 814 301 3)
833 236 1015 302 euangelium
1032 251 1088 289 sec.

288 409 333 473 de
356 430 392 473 eo
415 406 534 472 scribae
557 413 588 472 et
612 405 708 472 ceteri
731 405 878 471 exierunt
901 412 1009 471 tenere
1032 407 1072 472 eri
1095 406 1241 472 dicebant
1263 405 1347 472 enim
1371 406 1519 490 quoniam

293 510 451 576 exsentiat
477 532 538 574 eos.
585 507 611 546 33
655 509 699 575 Εῖ
721 509 840 574 scribae
859 531 941 593 quae
954 510 993 574 ab
1012 507 1233 593 hierosolymis
1254 507 1473 574 discenderant
1486 509 1521 593 (l)

292 611 441 678 dicebant
463 611 612 695 quoniam
635 611 779 677 belzebul
801 612 898 677 habet
919 610 1096 698 principem
1123 610 1349 678 demoniorum.
1393 612 1438 676 Et
1466 635 1522 698 per

293 737 367 778 eum
390 713 465 780 eicit
486 713 642 780 demonia.
688 712 715 750 33
759 714 803 778 nt
825 713 1005 780 conuocatis
1027 713 1073 779 eis
1096 713 1129 778 in
1152 714 1309 800 parabolis
1331 715 1455 781 dicebat
1476 715 1522 780 eis

289 817 362 880 dms
384 815 449 880 ihs.
495 815 660 901 Quomodo
682 822 787 902 potest
808 823 934 882 satanas
956 823 1098 883 satanam
1121 817 1232 882 eicere.
1278 816 1305 854 ²⁴
1346 819 1392 882 Et
1413 817 1440 882 si
1455 840 1521 901 reg-

294 942 371 984 num
404 917 439 983 in
472 918 641 1005 semetipso
676 918 837 984 diuidatur
868 941 933 985 non
954 923 1059 1005 potest
1086 926 1169 985 stare
1198 942 1330 1004 regnum
1361 920 1449 985 illud.
1495 919 1522 958 33

293 1021 338 1086 Et
360 1019 388 1086 si
409 1022 521 1088 domus
543 1045 637 1108 super
659 1021 728 1108 ipsa
749 1021 955 1108 dispertiatur
977 1044 1041 1086 non
1069 1029 1173 1108 potest
1201 1023 1313 1089 domus
1343 1022 1399 1087 illa
1427 1030 1518 1089 stare.

292 1122 323 1162 33
367 1123 459 1190 Etsi
493 1131 618 1191 satanas
653 1130 786 1190 satanan
815 1123 948 1211 expellit
977 1123 1131 1190 diuiditur
1163 1147 1256 1212 super
1288 1149 1420 1211 reguum
1453 1126 1521 1192 eius

292 1233 327 1292 et
349 1249 412 1292 non
433 1233 539 1313 potest
559 1233 642 1294 stare
665 1227 719 1292 sed
741 1230 837 1292 finem
859 1228 964 1293 habet.
1010 1225 1037 1265 33
1079 1227 1184 1293 Nemo
1206 1234 1312 1293 autem
1328 1222 1522 1314 potestuasa

292 1329 382 1396 fortis
404 1328 540 1415 diripere
562 1329 722 1415 ingressus
744 1329 778 1394 in
801 1329 897 1394 domt'l
920 1328 982 1395 nisi
1004 1329 1092 1415 prius
1114 1329 1227 1396 fortem
1254 1331 1372 1417 adliget
1395 1340 1428 1398 et
1445 1339 1522 1396 tunc

293 1432 422 1498 domum
456 1431 525 1496 eius
558 1430 695 1518 diripiet.
740 1431 767 1469 33
810 1433 919 1497 Amen
942 1431 1011 1497 dico
1033 1432 1123 1500 uobis
1145 1432 1293 1518 quoniam
1320 1433 1523 1500 remittentur

291 1532 402 1599 omnia
432 1541 558 1620 peccata
592 1540 623 1600 ct
655 1533 871 1622 blasphemiae
903 1535 977 1601 filiis
1007 1535 1181 1602 hominum.
1239 1535 1266 1574 33
1320 1535 1387 1620 Qui
1414 1543 1521 1602 autem

294 1636 563 1723 blasphemauerit
595 1637 627 1702 in
661 1637 720 1724 spu
744 1643 795 1704 scd
821 1643 863 1702 nb
892 1639 1011 1704 habent
1042 1637 1260 1704 remissionem
1292 1639 1326 1703 in
1357 1646 1521 1704 aeternum

292 1739 350 1804 sed
377 1762 449 1804 reus
479 1738 539 1805 erit
568 1739 743 1826 sempiterni
769 1740 877 1806 delicti
889 1739 918 1778 33
928 1740 1079 1827 quoniam
1102 1740 1249 1806 dicebant
1282 1752 1350 1827 spr'n
1384 1740 1521 1806 immun·

296 1843 371 1906 dum
394 1843 521 1908 habere.
570 1841 595 1879 ³¹
646 1843 691 1909 Et
724 1842 814 1909 uenit
835 1850 938 1909 mater
970 1843 1039 1908 eius
1072 1849 1105 1910 et
1138 1844 1250 1910 fratres
1283 1843 1351 1909 eius
1382 1852 1414 1909 et
1446 1843 1522 1908 foris

291 1950 415 2012 :stantes
442 1944 597 2012 miserunt
627 1946 666 2011 ad
699 1946 788 2012 illum
812 1954 962 2011 uocantes
985 1969 1057 2011 eum
1070 1944 1141 2013 ³2et
1162 1947 1313 2012 sedebant
1342 1946 1424 2014 circa
1447 1969 1520 2011 eum

294 2049 406 2113 turbae
428 2057 460 2112 et
481 2047 591 2114 dicunt
613 2047 642 2114 ei
674 2071 746 2114 ecce
775 2055 876 2112 mater
897 2055 954 2113 tua
975 2053 1008 2114 et
1028 2047 1141 2114 fratres
1163 2049 1210 2115 tui
1234 2056 1267 2114 et
1296 2072 1417 2115 sorores
1447 2054 1521 2115 tuae

296 2149 371 2214 foris
406 2157 542 2234 querunt
574 2159 615 2218 te.
629 2149 656 2190 33
667 2151 722 2238 qui
756 2150 950 2236 respondens
972 2151 1018 2218 eis
1040 2150 1123 2216 dixit
1144 2151 1208 2216 illis
1235 2174 1315 2236 quae
1345 2159 1393 2218 est
1421 2158 1522 2217 mater

295 2276 366 2318 mea
396 2260 451 2318 aut
484 2253 538 2339 qui
571 2253 684 2320 fratres
724 2251 872 2320 mei.³4et
904 2253 1158 2340 circumspiciens
1191 2277 1244 2320 eos
1284 2254 1338 2338 qui
1382 2253 1416 2318 in
1462 2253 1519 2319 cir·

292 2355 385 2421 cuitu
418 2355 486 2422 eius
519 2357 647 2424 sedebat
681 2356 763 2424 dixit
795 2379 866 2422 ecce
893 2363 994 2422 mater
1027 2380 1099 2421 mea
1131 2364 1163 2422 et
1194 2357 1307 2423 fratres
1339 2356 1411 2422 mei.
1427 2354 1454 2395 33
1465 2355 1521 2441 qui

292 2458 381 2524 enim
415 2458 526 2524 fecerit
557 2461 753 2526 uoluntatem
796 2460 828 2524 di
872 2459 923 2524 lric
957 2482 1045 2524 meus
1078 2460 1174 2525 frater
1205 2466 1237 2524 et
1269 2482 1356 2525 soror
1389 2482 1459 2524 mea
1490 2466 1523 2523 et

294 2569 396 2651 mater
418 2567 473 2627 est.

380 2663 441 2728 XI.
466 2666 503 2744 (c.
527 2665 561 2741 4)
608 2664 619 2700 ¹
663 2664 707 2729 Εῖ
732 2663 835 2750 coepit
857 2666 974 2729 iterum
998 2664 1108 2730 docere
1137 2664 1174 2728 ad
1208 2688 1294 2730 mare
1328 2672 1360 2730 et
1393 2687 1520 2750 congre-

294 2771 368 2850 gata
391 2773 438 2832 est
460 2767 498 2830 ad
522 2789 596 2832 eum
619 2768 710 2832 turba
732 2767 833 2831 multa
854 2765 901 2831 ita
922 2771 958 2831 ut
988 2766 1020 2830 in
1050 2766 1161 2831 nauim
1193 2766 1365 2832 ascendens
1398 2768 1523 2833 sederet

293 2867 437 2953 proxime
459 2867 534 2934 litus
557 2875 589 2933 et
612 2868 714 2933 omnis
736 2870 828 2934 turba
851 2870 954 2934 stabat
975 2868 1009 2933 in
1031 2868 1134 2934 litore.
1179 2867 1192 2905 3
1235 2869 1280 2933 Et
1309 2868 1440 2936 docebat
1470 2893 1523 2935 ecs

293 2969 327 3034 iu
350 2970 505 3056 parabolis
528 2971 628 3037 multa
653 2976 685 3036 et
718 2971 842 3036 dicebat
875 2971 939 3036 illis
972 2971 1006 3035 in
1039 2971 1181 3038 doctrina
1203 2995 1268 3036 sua.
1284 2970 1416 3038 3audite
1450 2994 1522 3037 ecce

290 3072 372 3140 exiit
394 3073 553 3139 seminans
568 3073 724 3149 seminare
736 3073 750 3110 4
761 3080 793 3140 et
815 3075 890 3139 dum
906 3073 1042 3140 seminat
1057 3073 1174 3160 aliquid
1190 3073 1305 3140 cecidit
1319 3097 1409 3140 secus
1424 3074 1520 3139 uiam.

292 3177 337 3241 nt
359 3182 517 3242 uenerunt
539 3199 614 3241 aues
637 3184 668 3241 et
690 3177 896 3242 comederunt
918 3201 963 3242 ea.
1009 3175 1023 3216 3
1067 3176 1169 3242 Aliud
1191 3200 1268 3242 uero
1290 3176 1405 3243 cecidit
1426 3200 1521 3262 supra

292 3284 416 3364 petrosa
438 3290 471 3344 et
492 3278 641 3363 quoniam
664 3302 727 3343 uon
749 3280 886 3344 habebat
907 3285 992 3343 tena
1015 3280 1147 3344 multam
1169 3279 1275 3346 statim
1299 3289 1444 3345 exortum
1475 3287 1522 3345 est

291 3381 369 3465 quia
392 3404 455 3444 non
477 3381 612 3445 habebat
634 3381 836 3446 altitudinem
859 3381 1028 3447 terrae⁶et
1050 3382 1088 3448 cil
1112 3389 1240 3447 exortus
1269 3389 1316 3448 est
1350 3383 1395 3447 sol
1428 3405 1519 3448 exae-

291 3482 412 3550 stuabit
434 3481 583 3568 quoniam
606 3506 669 3547 non
691 3484 827 3548 habebat
849 3485 987 3550 radicem
1010 3491 1042 3549 et
1064 3483 1197 3549 exaruit.
1245 3484 1256 3522 ⁷
1301 3485 1345 3550 nt
1366 3485 1454 3549 aliud
1475 3507 1522 3550 ce-

293 3586 372 3654 cidit
393 3585 426 3650 in
450 3584 556 3671 spinas
579 3592 611 3650 et
632 3585 878 3652 incressentibus
901 3586 1001 3672 spinis
1023 3587 1210 3652 suffocatum
1238 3593 1287 3652 est
1319 3594 1352 3652 et
1384 3587 1521 3654 fructum

294 3713 358 3755 non
381 3688 475 3754 dedit.
522 3686 535 3724 3
578 3687 682 3754 Aliud
704 3696 810 3755 autam
833 3688 948 3754 cecidit
969 3691 1004 3754 in
1025 3695 1142 3755 terram
1165 3690 1279 3754 bonam
1295 3696 1334 3757 'et
1359 3691 1413 3755 dat
1439 3689 1521 3755 fruc·

294 3799 363 3856 tum
386 3792 605 3856 ascendentem
629 3796 661 3857 et
683 3791 803 3858 adferet
831 3797 862 3858 et
885 3799 1079 3858 crescentem
1106 3816 1204 3857 unum
1230 3792 1457 3858 tricensumum
1491 3799 1523 3858 et

294 3893 382 3958 aliud
405 3893 659 3978 sexagensimum
682 3901 715 3959 et
737 3893 825 3959 aliud
847 3917 923 3960 uero
946 3894 1141 3960 cautissimi.
1155 3893 1209 3961 9θῖ
1235 3895 1360 3961 dicebat
1388 3894 1444 3980 qui
1469 3897 1522 3960 ha·
1632 3939 1636 3947 »

293 3998 348 4061 bet
370 4019 461 4062 aures
484 3995 592 4062 audiat
614 4003 646 4062 et
669 3997 843 4081 intellegat.
891 3995 919 4033 ¹⁰
960 3998 1005 4062 nt
1027 4020 1098 4062 oum
1121 4004 1204 4064 esset
1232 3996 1402 4083 singularis
1428 3997 1522 4063 inter-

291 4099 450 4182 rogauerl'l
474 4123 545 4163 eum
569 4098 719 4184 discipuli
741 4099 810 4164 eius
834 4121 916 4183 quae
943 4106 1025 4164 esset
1050 4101 1132 4164 haec
1164 4101 1316 4185 parabola
1338 4098 1361 4136 ¹¹
1376 4109 1408 4165 et
1441 4099 1523 4164 dixit

294 4199 366 4266 illis.
413 4199 512 4266 Uobis
536 4202 643 4267 datum
667 4208 716 4266 est
737 4224 828 4266 nosse
851 4201 1037 4286 mysterium
1060 4203 1092 4266 di
1120 4201 1183 4267 illis
1207 4199 1324 4268 'autern
1357 4202 1412 4288 qui
1445 4201 1522 4268 foris

293 4302 425 4370 suntin
447 4303 603 4388 parabolis
626 4303 750 4369 dicitur.
798 4302 824 4340 ¹²
869 4305 915 4370 Ut
936 4303 1083 4370 uidentes
1104 4304 1235 4370 uideant
1257 4310 1289 4372 et
1311 4328 1373 4370 non
1389 4305 1522 4369 uideant

294 4417 326 4471 et
348 4405 512 4490 audientes
542 4406 696 4487 audialn)t
722 4415 754 4472 et
780 4430 844 4471 non
865 4406 1052 4492 intellegant
1071 4408 1218 4492 nequado
1242 4413 1468 4474 conuertentur
1491 4415 1522 4472 et

187 4579 189 4582 ¹
294 4508 498 4574 remittantur
520 4508 565 4574 eis
588 4515 723 4595 peccata.
771 4508 797 4546 ¹³
841 4509 886 4575 Et
907 4508 952 4575 ait
973 4509 1037 4575 illis
1065 4509 1194 4595 nescitis
1221 4511 1402 4593 parabolam
1428 4510 1522 4576 istam

294 4618 326 4675 et
370 4611 525 4692 quomodo
569 4633 677 4676 omnes
709 4612 873 4698 parabolas
906 4611 1099 4696 cognoscetis
1111 4610 1137 4648 ¹4
1148 4612 1204 4698 qui
1244 4613 1379 4680 seminat
1421 4613 1521 4678 uerbri
