3467 5192
720 255 847 292 marcum
864 241 901 307 (c.
922 239 977 305 15).
1402 238 1465 301 127

232 409 439 496 interrogauit
461 434 534 475 eum
556 409 583 474 si
605 408 669 474 iam
691 409 884 490 defunlctus)
901 416 1013 487 (es)set
1028 407 1080 493 eu(
1116 415 1148 484 ).
1167 406 1254 473 ..⁴5.
1270 457 1276 470 .
1291 432 1329 472 .a
1345 411 1467 489 c(entu-

233 514 336 582 rionel
351 565 356 576 .
372 561 378 574 .
393 565 400 578 .
414 513 571 594 iotsephl.
587 561 593 574 .
607 509 672 575 Ἀθ.
689 565 693 576 .
711 537 800 578 eum
825 522 856 578 et
879 512 1017 577 inuoluit
1038 510 1072 575 in
1091 511 1222 575 sindone
1233 517 1265 575 et
1274 509 1381 596 posuit
1390 533 1466 574 eum

232 617 266 680 in
288 622 493 680 monumento
514 614 683 699 quoderat
705 614 864 680 excissum
887 613 921 679 in
944 620 1065 700 petram
1081 620 1114 678 et
1124 612 1268 678 aduoluit
1276 612 1411 698 lapidem
1424 611 1467 675 ad

234 717 349 785 ostium
373 717 577 782 monumenti.
623 715 652 755 ⁴⁷
695 717 798 781 Maria
821 725 927 783 autem
950 716 1134 801 magdalene
1168 722 1200 780 et
1229 714 1330 779 maria
1362 713 1467 778 iacobi

234 826 424 887 notauerunt
445 820 549 884 locum
572 819 626 884 ubi
641 820 825 905 ponebatur.
850 818 885 904 (c.
908 818 1030 900 16)¹et
1053 842 1123 883 cum
1146 816 1329 905 preterisset
1355 817 1463 880 sabba·

233 931 303 989 tum
325 924 477 988 abeuntes
504 921 603 986 maria
626 922 809 1007 magdalene
835 931 868 988 et
891 921 990 986 maria
1011 921 1114 986 iacobi
1137 931 1168 985 et
1186 920 1303 985 salome
1320 926 1469 985 emerunt

234 1033 374 1091 aromata
388 1032 424 1091 ut
444 1049 517 1090 cum
536 1032 741 1109 unguelrent)
757 1076 763 1089 .
787 1077 792 1088 .
820 1077 825 1089 .
841 1023 853 1060 ‘²
867 1073 873 1086 .
887 1073 915 1090 ..
941 1048 1005 1090 una
1023 1022 1246 1108 sabbaltoruml
1259 1072 1266 1085 .
1281 1072 1307 1090 ..
1332 1020 1468 1103 (monul-

235 1133 396 1194 mentum.
423 1177 428 1189 .
454 1126 504 1191 .³.
531 1179 536 1192 .
563 1126 801 1210 .(dic)eba('nt).
828 1180 833 1193 .
860 1125 1114 1208 .(n0)bis...⁴.
1140 1175 1147 1188 .
1173 1175 1179 1188 .
1201 1123 1366 1190 eratenim
1378 1146 1463 1208 mag·

233 1254 294 1296 nus
324 1231 427 1295 ualde.
442 1227 498 1295 ⁵et
530 1239 688 1294 uenerunt
721 1236 753 1295 et
796 1229 992 1294 inuenerunt
1035 1229 1215 1294 reuolutum
1257 1227 1394 1314 lapidem
1432 1233 1468 1292 et

235 1333 373 1418 ingresse
406 1333 440 1396 in
474 1339 714 1398 monumentum
753 1331 905 1397 uiderunt
948 1333 1183 1397 adulescentem
1220 1331 1382 1396 sedentem
1425 1330 1466 1395 ad

235 1437 378 1501 dextram
400 1434 551 1500 amictum
580 1435 691 1499 stolam
727 1433 892 1500 candidam
926 1440 957 1500 et
986 1441 1193 1520 expauerunt.
1251 1433 1264 1472 ⁶
1317 1434 1362 1498 Et
1383 1433 1470 1498 dixit

161 1605 162 1608 ,
235 1537 280 1603 eis
316 1543 444 1617 angelus
488 1536 588 1603 nolite
632 1559 841 1622 expauescere
885 1537 953 1601 ihm
997 1560 1166 1602 nazoreum
1202 1535 1335 1622 queritis
1365 1537 1464 1600 cruci-

234 1643 333 1705 fixum
356 1640 529 1705 resurrexit
550 1663 614 1704 non
637 1648 685 1706 est
706 1640 758 1705 hic
792 1641 900 1706 uidete
924 1662 995 1706 ecce
1017 1640 1122 1704 locum
1154 1638 1222 1704 eius
1255 1637 1310 1702 ubi
1343 1638 1469 1724 positus

235 1751 309 1808 erat.
358 1743 369 1780 ⁷
402 1741 465 1808 Sed
488 1742 532 1808 ite
555 1741 651 1808 dicite
675 1742 837 1828 discipulis
861 1741 930 1808 eius
952 1749 985 1807 et
1006 1749 1096 1828 petro
1111 1763 1184 1806 ecce
1199 1741 1341 1827 precedit
1356 1765 1412 1806 uos
1431 1741 1465 1805 in

235 1845 400 1930 galilaeam
423 1843 573 1910 uidebitis
589 1844 670 1910 siout
682 1844 749 1910 dixi
762 1845 860 1910 uobis.
898 1843 911 1882 ⁸
942 1845 987 1910 Et
1002 1851 1155 1910 exeuntes
1170 1844 1243 1909 illae
1258 1843 1469 1930 profugerunt

236 1956 480 2013 amouumento
502 1947 536 2011 in
559 1947 646 2012 uiam
669 1952 736 2012 erat
759 1947 841 2012 enim
867 1947 938 2012 illas
960 1955 1066 2012 tumor
1088 1955 1120 2012 et
1147 1970 1247 2034 pauor
1280 1953 1312 2012 et
1344 1947 1466 2012 nemini

237 2049 405 2136 quicquam
428 2049 578 2116 dixerunt
599 2049 756 2115 timebant
779 2050 872 2115 enim.
888 2048 1043 2135 ⁹surgens
1066 2056 1172 2114 autem
1189 2049 1241 2113 ihs
1257 2073 1349 2114 mane
1363 2049 1470 2135 prima.

236 2151 524 2237 sabbati'apparuit
545 2145 682 2238 primuni
706 2151 824 2217 mariae
848 2153 1052 2237 magdalenae
1076 2151 1114 2216 de
1136 2175 1199 2238 qua
1221 2152 1338 2218 eiccrat
1359 2153 1464 2218 demo·

190 2317 191 2322 ,
236 2255 289 2319 nia
311 2259 432 2340 septem
446 2253 472 2291 ¹⁰
483 2254 538 2319 illa
564 2261 670 2319 autem
704 2277 890 2340 precurrens
923 2253 1089 2319 nunciauit
1122 2255 1168 2320 eis
1202 2278 1272 2319 cum
1308 2255 1363 2340 qui
1396 2255 1468 2342 ipso

235 2357 360 2422 fuerant
382 2357 563 2441 lugentibus
586 2364 617 2422 et
639 2357 796 2422 flentibus,
844 2356 870 2392 ¹²
915 2357 970 2422 Ad
991 2356 1039 2421 illi
1061 2357 1226 2424 audientes
1242 2357 1326 2444 quod
1340 2358 1466 2424 uiueret

237 2459 378 2526 etuisus
401 2461 543 2524 essetab
567 2483 603 2525 ea
626 2483 690 2524 non
713 2459 924 2526 crediderunt.
970 2459 997 2495 ¹²
1041 2460 1119 2526 Post
1141 2462 1218 2526 haec
1247 2468 1354 2526 autem
1388 2461 1463 2525 duo-

236 2563 294 2626 bus
317 2563 550 2628 ambulantibus
573 2586 612 2626 ex
634 2561 684 2627 his
707 2563 853 2648 apparuit
873 2561 908 2627 in
930 2562 991 2626 alia
1015 2561 1119 2648 effigie
1141 2562 1290 2628 euntibus
1304 2562 1338 2626 in
1354 2563 1465 2627 uillam

207 2725 210 2738 ,
238 2663 308 2730 ¹³ct
330 2664 376 2728 illi
399 2670 509 2730 euntes
537 2665 771 2730 nunciauerunt
804 2665 917 2730 ceteris
951 2689 991 2729 ne
1023 2671 1055 2732 et
1087 2666 1149 2751 ipsi
1182 2665 1391 2731 crediderunt.
1439 2664 1469 2702 ¹⁴

237 2766 419 2831 Nouissime
441 2773 547 2832 autem
570 2767 824 2832 recumbentibus
847 2767 909 2831 illis
932 2767 1079 2833 undecim
1109 2768 1255 2854 apparuit
1288 2776 1320 2833 et
1353 2791 1464 2854 expro-

238 2869 342 2935 brauit
360 2868 614 2934 incredulitatem
637 2869 779 2955 ipsorum
802 2876 835 2935 et
857 2869 1007 2935 duritiam
1031 2870 1132 2944 cordis
1158 2871 1286 2936 illorum
1315 2871 1468 2957 quoniam

239 2970 293 3056 qui
322 2971 470 3036 uiderant
498 2970 588 3036 illum
620 2971 829 3038 resurrexisse
862 2995 926 3037 non
959 2973 1169 3039 crediderunt.
1184 2971 1211 3009 ¹⁵
1222 2981 1254 3038 et
1287 2974 1369 3039 dixit
1402 2974 1468 3039 illis

239 3080 349 3139 euntes
371 3073 404 3137 in
427 3074 612 3140 uniuersum
646 3075 799 3139 mundum
825 3075 1003 3161 praedicate
1034 3076 1234 3167 euangelium
1268 3076 1469 3151 uniluersael

239 3175 436 3260 orleaturae.)
450 3228 455 3241 .
471 3226 477 3240 .
491 3225 499 3239 .
513 3175 540 3214 ¹⁶
553 3230 559 3242 .
574 3230 580 3243 .
595 3229 601 3243 .
615 3178 671 3263 qui
690 3177 884 3257 cred(iderit)
905 3176 962 3258 set)
976 3175 1208 3263 (bapltizat(ur)
1223 3177 1267 3243 ¹⁸.
1283 3228 1308 3241 ..
1325 3202 1408 3244 ueno
1424 3179 1468 3244 bi·

240 3277 341 3344 berint
363 3302 426 3343 non
448 3278 519 3344 illos
541 3279 667 3346 nocebit
688 3303 782 3366 super
803 3280 991 3365 languentes
1009 3303 1121 3346 manus
1143 3280 1309 3366 imponent
1329 3289 1361 3346 et
1386 3282 1470 3347 bene

238 3381 408 3447 habebunt.
422 3381 492 3447 ¹⁹et
514 3383 566 3446 dm
589 3382 718 3466 quidem
741 3381 793 3446 ihs
814 3391 980 3468 postquam
1006 3382 1131 3448 locutus
1153 3392 1200 3448 est
1227 3383 1292 3447 illis
1321 3391 1470 3470 receptus

239 3483 341 3548 estin
365 3484 487 3549 caelum
510 3490 541 3550 et
563 3485 651 3550 sedet
677 3485 716 3549 ad
748 3485 910 3551 dexteram
933 3485 974 3549 di.
988 3482 1015 3521 ⁵⁰
1026 3485 1075 3548 illi
1098 3493 1203 3551 autem
1231 3485 1363 3572 profecti
1397 3510 1469 3572 pre·

240 3584 457 3666 (dicauerlunt
478 3588 595 3672 ubique
616 3623 659 3633 -—
681 3625 722 3632 —

325 3688 457 3774 explicit
478 3689 681 3773 euangelium
704 3690 877 3754 secundum
899 3714 1048 3756 marcum.
