3467 5192
675 253 809 306 lucanum
836 254 871 321 (c.
889 259 929 319 8).
1379 258 1420 321 75

274 421 373 488 XXI.
421 421 448 460 ²²
492 424 627 488 Factum
651 428 698 487 est
720 429 826 488 autem
849 425 884 489 in
906 448 971 488 uua
994 425 1116 490 dierum
1140 431 1172 489 et
1194 425 1263 512 ipse
1279 427 1421 492 ascendit

187 525 223 590 in
247 525 426 591 nauiculam
451 529 482 590 et
504 525 653 612 discipuli
675 525 742 590 eius
766 532 797 591 et
819 525 865 592 ait
891 527 931 591 ad
962 527 1033 591 illos
1060 527 1300 593 transfretemus
1333 535 1420 593 trans

186 634 346 712 stagnum.
369 639 400 692 et
423 629 621 694 leuauerunt.
668 626 695 664 ²³
743 627 980 713 Nanigantibus
1013 640 1118 693 autem
1153 628 1216 693 illis
1249 630 1421 695 obdormiit

188 735 222 794 et
257 729 419 794 descendit
452 730 590 815 procella
621 729 711 796 uenti
736 742 768 795 et
800 731 1017 814 complebatur
1045 730 1199 796 fructibus
1210 730 1244 815 (1)
1271 732 1420 798 nauicula

187 841 222 896 et
249 830 516 918 periclitabantur.
563 830 590 867 ²4
634 832 833 898 Accedentes
858 842 966 897 autem
993 832 1228 898 suscitauerunt
1256 856 1329 897 eum
1361 833 1420 898 dis-

188 933 288 1020 cipuli
322 934 462 999 dicentes
495 941 659 1019 preceptor
691 935 840 1020 perimus.
899 934 955 998 Ad
987 935 1041 999 ille
1079 958 1211 1019 surgens
1244 935 1420 1021 increpauit

188 1043 322 1101 uentum
345 1042 377 1101 et
399 1042 589 1122 tepestatem
612 1059 711 1120 aquae
734 1043 765 1100 et
788 1037 925 1101 cessauit
947 1044 979 1100 et
1008 1036 1092 1101 facta
1118 1043 1167 1100 est
1195 1038 1417 1121 tranquillitas,

189 1137 218 1177 ²⁵
229 1137 311 1204 dixit
333 1143 439 1203 autern
462 1137 526 1203 illis
548 1139 603 1202 ubi
627 1145 675 1203 est
695 1139 772 1202 fides
796 1146 901 1203 uestra
925 1146 956 1204 et
979 1139 1128 1203 timentes
1151 1139 1257 1203 mirati
1283 1141 1419 1204 suntad

189 1241 329 1305 inuicem
352 1240 491 1305 dicentes
512 1238 658 1326 quisnam
681 1247 729 1305 est
750 1240 803 1305 hic
831 1241 888 1324 qui
908 1240 1015 1305 uentis
1048 1239 1184 1326 imperat
1212 1249 1244 1305 et
1278 1241 1358 1305 mari
1387 1233 1438 1306 et'

189 1342 363 1407 obaudiunt
384 1341 423 1405 ei.
470 1340 498 1378 ²⁶
542 1342 808 1425 Enauigauerunt
829 1349 936 1408 autem
959 1344 998 1407 ad
1020 1342 1182 1427 regionem
1197 1365 1418 1422 gerasenorum

190 1467 273 1530 quae
295 1451 343 1509 est
365 1449 452 1508 tra'ns
475 1450 583 1509 contra
604 1444 781 1529 galilaeam.

276 1546 397 1612 ΧΧΠ.
443 1544 470 1584 ²⁷
514 1548 566 1611 Et·
580 1567 652 1610 cum
676 1570 817 1631 egressus
845 1554 928 1612 esset
955 1547 1092 1612 occurrit
1124 1547 1171 1611 illi
1208 1547 1258 1611 uir
1291 1547 1420 1629 quidam

190 1648 247 1734 qui
275 1649 411 1713 habebat
447 1648 630 1712 demonium
663 1648 727 1713 iam
761 1649 955 1735 temporibus
989 1649 1098 1714 multis
1131 1654 1163 1714 et
1195 1649 1420 1714 uestimentum

190 1775 254 1817 non
276 1749 466 1815 induebatur
487 1772 591 1834 neque
614 1751 647 1813 in
671 1751 762 1814 domo
796 1752 943 1815 manebat
970 1751 1025 1816 sed
1054 1751 1087 1815 in
1118 1737 1341 1816 monumentis.
1356 1749 1383 1786 ²⁸
1394 1749 1421 1814 is

191 1863 227 1920 ut
249 1852 332 1918 uidit
353 1851 419 1915 ihm
443 1851 578 1937 procidit
601 1859 674 1916 ante
697 1851 788 1917 illum
816 1860 849 1917 et
880 1855 1060 1918 exclamans
1089 1876 1167 1918 uoce
1195 1876 1310 1937 magna
1339 1852 1422 1917 dixit

190 1956 267 2041 quid
291 1953 369 2019 milri
392 1960 424 2018 et
446 1953 503 2018 tibi
527 1960 574 2018 est
597 1953 654 2018 ihu
677 1953 723 2018 fili
745 1955 776 2018 di
800 1954 944 2020 altissimi
976 1957 1103 2020 obsecro
1136 1962 1168 2020 te
1200 1979 1240 2020 ne
1275 1978 1325 2019 me
1358 1960 1420 2018 tor-

192 2081 296 2144 queas.
343 2055 370 2093 ²⁹
413 2055 615 2142 Precipiebat
638 2056 724 2120 enim
746 2056 872 2142 spiritui
900 2057 1053 2122 inmundo
1087 2063 1122 2122 ut
1156 2056 1259 2122 exiret
1292 2058 1330 2122 ab
1363 2058 1418 2122 ho·

194 2160 288 2225 mine.
312 2157 421 2222 multis
444 2157 529 2222 enim
552 2158 746 2244 temporibus
768 2158 950 2245 adripuerat
983 2158 1074 2223 illum
1107 2183 1180 2223 nam
1214 2158 1341 2224 uinctus
1374 2182 1422 2224 ca-

192 2262 275 2328 tenis
298 2267 330 2326 et
352 2260 544 2345 conpedibus
568 2261 824 2326 custodiebantur
847 2267 879 2327 et
900 2261 1001 2346 ruptis
1033 2260 1168 2326 uinculis
1202 2262 1353 2346 agebatur
1386 2260 1420 2324 in

191 2365 259 2428 loco
281 2363 415 2428 deserto.
461 2360 489 2398 ³⁰
532 2362 747 2447 Interrogauit
779 2363 872 2428 illum
906 2364 958 2426 ihs
991 2364 1075 2447 quod
1107 2362 1166 2427 tibi
1189 2369 1283 2427 nome
1309 2370 1364 2427 est.
1389 2370 1422 2427 at

191 2466 246 2533 ille
257 2464 449 2551 respondens
460 2463 544 2529 dixit
554 2465 636 2549 legio
648 2465 723 2550 quia
740 2465 831 2532 multi
854 2467 996 2530 demonis
1009 2468 1046 2545 (l)
1069 2470 1166 2529 erant.
1182 2463 1253 2530 81εῖ
1269 2467 1420 2548 rogabant

193 2573 299 2632 autem
322 2566 412 2631 illum
439 2591 479 2632 ne
507 2572 678 2653 imperaret
710 2566 774 2632 illis
807 2577 843 2632 ut
876 2568 909 2631 in
942 2567 1102 2632 habissum
1137 2567 1227 2631 irent.
1274 2564 1300 2602 ³²
1343 2567 1423 2630 Erat

192 2675 299 2735 eutem
321 2668 366 2733 ibi
388 2691 466 2753 grex
487 2692 652 2755 porcorum
676 2675 847 2735 multorum
871 2670 1069 2756 pascentium
1092 2677 1124 2734 et
1138 2675 1330 2753 rogauerunt
1348 2691 1422 2732 eum

193 2777 229 2836 ut
251 2770 284 2835 in
307 2769 372 2836 illis
394 2769 479 2835 irent
502 2780 533 2836 et
555 2771 698 2856 permisit
720 2771 793 2837 illis.
808 2770 834 2808 ³³
847 2771 995 2836 exierunt
1016 2794 1089 2856 ergo
1118 2771 1264 2836 demonia
1294 2772 1332 2834 ab
1366 2771 1420 2834 ho·

192 2873 279 2939 mine
302 2879 334 2939 et
355 2872 556 2938 intrauerunt
578 2874 617 2938 ad
639 2877 757 2959 porcos.
802 2874 847 2938 Et
868 2873 980 2959 inpetu
1003 2874 1081 2938 abiit
1102 2897 1181 2957 grex
1202 2895 1421 2959 perpraeceps

192 2974 226 3040 in
248 2982 395 3058 stagnum
418 2981 450 3040 et
472 2975 631 3040 suffocatis
644 2978 679 3055 (l)
702 2983 784 3040 sunt.
799 2973 923 3059 3‘quod
939 2983 974 3040 ut
988 2975 1107 3042 factum
1126 2975 1277 3039 uiderunt
1294 2974 1350 3058 qui
1366 2996 1420 3038 eos

193 3078 388 3162 pasceba(n)t
409 3076 559 3162 fugeruut
581 3084 613 3142 et
634 3077 867 3142 nunciauerunt
889 3078 922 3142 iu
945 3077 1108 3142 ciuitatem
1136 3087 1168 3142 et
1190 3078 1224 3140 in
1247 3076 1349 3140 uillas.
1395 3073 1422 3112 ³⁵

193 3177 353 3246 Exierunt
375 3185 481 3244 autem
504 3179 613 3244 uidere
636 3180 720 3264 quod
741 3179 859 3246 facturn
884 3187 941 3245 est.
987 3180 1032 3244 Et
1053 3186 1211 3244 uenerunt
1234 3179 1272 3242 ad
1300 3177 1367 3240 ihm
1390 3183 1423 3240 et

194 3279 385 3346 inuenerunt
405 3281 566 3345 hominem
589 3281 752 3346 sedentem
775 3306 794 3346 a
816 3305 878 3366 quo
901 3281 1049 3346 demonia
1071 3279 1215 3346 exierant
1243 3280 1364 3344 uestitu
1387 3302 1423 3343 ac

193 3403 269 3446 sana
291 3388 396 3447 mente
423 3383 461 3446 ad
490 3383 586 3468 pedes
613 3382 680 3449 eius
714 3389 745 3450 et
778 3383 928 3449 timuerit.
974 3381 1002 3421 ⁸⁶
1044 3383 1284 3449 Nuntiauerunt
1317 3389 1423 3446 autem

195 3485 258 3550 illis
280 3493 312 3549 et
335 3484 389 3568 qui
412 3483 558 3550 uiderant
581 3486 736 3570 quomodo
759 3509 853 3551 sanus
877 3486 978 3552 factus
1001 3500 1049 3551 est
1071 3509 1090 3548 a
1111 3485 1236 3570 legione
1249 3483 1321 3549 37εῖ
1339 3507 1424 3568 roga-

194 3592 310 3652 uerunt
331 3586 420 3650 illum
445 3586 548 3652 omnis
570 3588 741 3654 multitudo
764 3586 902 3673 regionis
924 3611 1145 3671 gerasenorum
1173 3594 1208 3652 ut
1241 3586 1423 3651 descederet

194 3690 233 3754 ab
254 3687 332 3774 ipsis
354 3688 430 3772 quia
451 3689 563 3754 timore
586 3713 700 3774 magno
722 3690 946 3774 teneba(n)tur.
992 3691 1066 3775 Ipse
1088 3696 1195 3754 autem
1226 3685 1369 3752 ascendit
1390 3685 1424 3751 in

195 3791 372 3856 nauiculam
398 3799 430 3855 et
451 3813 595 3857 reuersus
618 3799 674 3856 est.
688 3790 715 3829 ³⁸
728 3798 760 3858 et
782 3791 908 3876 rogauit
930 3791 1021 3856 illum
1050 3795 1097 3854 uir
1130 3813 1148 3854 a
1181 3813 1243 3874 quo
1276 3789 1424 3855 demonia

194 3896 339 3958 exierant
360 3898 399 3958 ut
418 3915 489 3957 cum
513 3892 580 3979 ipso
604 3901 694 3959 esset.
742 3893 876 3959 Dimisit
899 3899 1006 3958 autem
1028 3893 1120 3957 illum
1142 3892 1250 3957 dicens
1262 3889 1289 3929 ³⁹
1298 3892 1366 3957 redi
1389 3891 1425 3955 in

195 3996 322 4061 domum
344 4002 432 4059 tuam
455 4001 487 4060 et
508 4019 600 4060 narra
623 4002 744 4080 qnanta
766 3996 824 4061 tibi
848 3994 924 4060 fecit
946 3995 993 4060 ds.
1038 3993 1183 4059 statiis
1209 4017 1267 4079 per
1295 3993 1423 4057 uniuer-

196 4119 261 4162 sam
286 4095 448 4162 ciuitatem
472 4098 656 4183 praedicens
680 4105 798 4182 quauta
820 4097 873 4162 ihs
895 4096 972 4162 fecit
993 4096 1050 4161 illi.

280 4198 421 4265 XXIII.
465 4197 494 4236 ⁴⁰
540 4199 676 4266 Factum
709 4208 757 4266 est
790 4208 898 4264 autem
932 4222 1004 4265 cum
1038 4197 1182 4264 rediisset
1214 4196 1266 4261 ihs
1300 4196 1426 4282 excepit

196 4300 286 4364 illum
310 4301 401 4365 turba
423 4309 513 4367 erant
535 4302 621 4367 enim
644 4325 753 4368 omnes
775 4307 979 4388 expectantes
1002 4324 1084 4364 eum.
1130 4298 1157 4336 ⁴¹
1201 4299 1246 4365 Et
1275 4321 1347 4364 ecce
1373 4322 1424 4362 ue-

196 4401 245 4466 nit
266 4401 317 4466 uir
340 4401 390 4466 oui
412 4426 526 4467 nomen
549 4403 646 4468 iairus
669 4409 701 4470 et
722 4404 790 4489 ipse
813 4410 881 4469 erat·
902 4401 1048 4488 princeps
1070 4424 1249 4488 synagogae
1264 4408 1296 4466 et
1311 4398 1426 4464 cecidit

195 4503 235 4568 ad
258 4503 354 4590 pedes
376 4503 433 4568 ihd
456 4527 569 4589 rogans
591 4507 632 4570 ed
654 4512 691 4570 ut
712 4505 845 4571 intraret
867 4505 901 4570 in
923 4505 1050 4570 domum
1067 4503 1143 4569 eius.
1188 4501 1216 4540 4⁹
1260 4500 1346 4585 Quia
1360 4500 1426 4564 filia

195 4603 289 4672 unica
325 4612 392 4671 erat
425 4605 455 4671 ei
488 4605 554 4672 fere
587 4630 742 4672 annorum
776 4606 942 4672 duodecim
976 4612 1010 4671 et
1045 4607 1125 4673 haec
1157 4603 1358 4670 moriebatur.
1393 4607 1427 4667 et
