3467 5192
286 252 329 316 50
719 254 756 319 (c.
778 254 821 321 12)
840 254 1021 320 euangelium
1039 271 1098 308 sec.

285 419 503 488 ⁴3dilexerunt
519 423 604 489 enim
619 423 750 510 gloriam
767 425 932 490 hominum
948 425 1048 510 magis
1060 449 1154 512 quam
1170 428 1210 491 di.
1224 426 1253 465 ⁴⁴
1263 427 1315 491 ihs
1330 435 1438 494 autem
1454 430 1516 494 cla·

285 525 389 590 mauit
411 532 443 590 et
465 525 599 593 dicebat.
623 526 678 611 qui
702 527 800 593 credit
819 527 853 591 in
883 551 1019 593 menon
1044 528 1143 594 credit
1165 529 1200 594 in
1225 554 1276 595 me
1304 531 1360 595 sed
1386 530 1420 594 in
1442 555 1514 596 eum

286 627 341 713 qui
370 652 422 693 me
451 626 631 694 misit⁴⁵et
654 629 709 714 qui
731 629 820 695 uidet
842 654 892 695 me
914 629 1004 695 uidet
1030 655 1102 696 eum
1134 631 1190 716 qui
1223 656 1274 697 me
1307 632 1403 699 misit.
1416 632 1445 670 ⁴⁶
1456 656 1516 718 ego

285 732 341 795 lux
364 731 398 796 in
420 732 505 795 hunc
520 731 675 795 mundum
699 731 774 798 ueni
796 738 832 797 ut
854 732 956 798 omnis
979 733 1035 818 qui
1057 733 1158 800 credit
1180 734 1213 797 in
1243 759 1294 800 me
1320 735 1354 798 in
1377 735 1517 801 tenebris

285 856 348 897 non
383 840 518 902 maneat.
532 831 604 899 ‘let
627 833 654 898 si
686 834 757 919 quis
787 834 924 900 audierit
953 836 1050 901 uerba
1080 860 1151 901 mea
1177 843 1210 902 et
1238 860 1301 902 non
1331 837 1515 903 custodierit

285 959 342 1020 ego
372 959 435 1000 non
472 935 576 1001 iudico
600 961 671 1001 eum
695 937 866 1002 nonenim
891 937 966 1003 ueni
988 945 1024 1003 ut
1050 937 1187 1004 iudicem
1213 939 1367 1004 mundum
1392 939 1456 1022 [sed
1478 945 1516 1005 ut

284 1037 456 1103 saluifioem
486 1039 660 1121 munduml.
675 1036 703 1076 *Β
718 1039 773 1125 qui
795 1040 917 1125 spernit
939 1064 989 1106 me
1012 1048 1044 1106 et
1065 1065 1128 1106 non
1156 1040 1281 1127 adcepit
1314 1044 1412 1107 uerba
1443 1065 1516 1106 mea

283 1141 379 1205 habet
391 1141 447 1224 qui
469 1140 588 1207 iudicet
611 1165 692 1206 eum.
717 1165 818 1206 sermo
840 1166 935 1227 quem
958 1144 1082 1208 locutus
1104 1168 1173 1208 sum
1197 1143 1251 1208 ille
1273 1144 1426 1210 iudicabit
1440 1168 1515 1209 eum

284 1243 319 1306 in
344 1242 518 1308 nouissima
540 1243 600 1309 dio.
614 1242 728 1329 ⁴⁹quia
750 1267 808 1328 ego
832 1269 872 1310 ex
894 1269 944 1309 me
966 1245 1035 1330 ipso
1057 1269 1121 1310 nou
1143 1270 1214 1310 sum
1234 1246 1358 1312 locutus
1381 1247 1436 1312 sed
1459 1246 1516 1331 qui

283 1345 371 1410 misit
395 1369 445 1409 me
471 1353 560 1431 pater
589 1345 657 1432 ipse
688 1346 766 1410 mihi
795 1355 980 1433 preceptum
1007 1347 1094 1412 dedit
1126 1348 1203 1433 quid
1236 1348 1337 1415 dicam
1371 1357 1404 1414 et
1436 1349 1515 1434 quid

282 1449 402 1534 loquar.
417 1446 445 1485 ⁵⁰
453 1455 486 1512 et
508 1449 572 1514 scio
594 1448 669 1534 quia
692 1456 894 1535 praeceptum
918 1450 986 1515 eius
1006 1450 1074 1515 uita
1089 1459 1218 1516 aeterna
1233 1456 1290 1516 est.
1305 1450 1413 1537 itaque
1429 1474 1514 1538 quae

285 1574 341 1636 ego
365 1550 477 1636 loquor
499 1550 582 1617 sicut
604 1550 687 1616 dixit
707 1551 787 1616 mihi
809 1558 899 1638 pater
927 1552 996 1617 haec
1028 1553 1149 1637 loquor.
1196 1555 1235 1633 (c.
1272 1553 1322 1637 13)
1370 1554 1380 1590 1
1424 1556 1515 1619 Ante

283 1653 366 1718 diem
391 1652 508 1720 festum
530 1655 665 1740 paschae
687 1654 789 1720 sciens
811 1653 863 1719 ihs
887 1654 962 1739 quia
989 1655 1080 1721 uenit
1105 1655 1273 1721 horacius
1304 1663 1340 1722 ut
1365 1656 1514 1724 transiret

283 1755 322 1819 de
348 1757 407 1821 hoo
433 1757 529 1821 mildo
559 1757 597 1821 ad
627 1763 749 1842 patrem
777 1781 849 1824 cum
880 1757 1044 1823 dilexisset
1077 1781 1150 1823 suos
1173 1758 1229 1843 qui
1261 1766 1354 1825 erant
1387 1759 1421 1824 in
1453 1761 1514 1825 hoc

283 1858 402 1923 mundo
424 1881 523 1944 usque
546 1858 579 1922 i'n
602 1861 697 1924 finem
720 1859 835 1924 dilexit
856 1883 918 1925 eos.

368 1962 483 2028 XXV.
509 1959 521 1997 ²
542 1962 587 2026 Et
604 1984 681 2026 cena
699 1961 782 2028 facta
803 1984 874 2027 oum
893 1962 1035 2028 diabolus
1053 1963 1117 2028 iam
1140 1963 1278 2030 misisset
1299 1964 1331 2029 in
1355 1988 1407 2030 cor
1421 1965 1513 2030 iudas

282 2062 414 2129 simonis
436 2063 600 2128 iscariotae
624 2073 659 2128 ut
681 2064 819 2130 traderet
841 2063 1055 2131 eum³sciens
1078 2067 1153 2150 quia
1174 2066 1281 2132 omnia
1303 2067 1390 2133 dedit
1411 2068 1442 2132 ei
1461 2091 1513 2154 pa·

283 2171 333 2232 ter
354 2165 388 2230 in
411 2189 523 2230 manus
547 2174 579 2232 et
601 2166 676 2250 quia
699 2190 717 2230 a
740 2167 780 2230 ds
802 2167 906 2232 exiuit
928 2174 959 2233 et
981 2168 1020 2231 ad
1043 2169 1096 2232 dr'r‘r
1118 2170 1208 2234 uadit
1224 2166 1238 2205 ⁴
1256 2169 1357 2254 surgit
1384 2193 1403 2234 a
1434 2193 1512 2234 cena

283 2275 315 2335 et
336 2269 427 2355 ponit
448 2267 638 2334 uestimenta
664 2270 739 2351 [sua]
764 2278 796 2333 et
820 2294 890 2334 cum
914 2270 1090 2356 adaepisset
1111 2271 1245 2337 linteum
1270 2271 1438 2358 praecinxit
1467 2295 1509 2336 se.

282 2370 421 2437 ⁵deindo
443 2370 531 2436 misit
554 2375 638 2456 aqua
660 2371 694 2436 iu
716 2372 842 2457 peluem
865 2380 898 2438 et
921 2373 1023 2459 coepit
1045 2374 1152 2438 lauare
1174 2374 1269 2460 pedes
1284 2374 1510 2460 discipulorum

282 2480 314 2539 et
336 2480 501 2558 extergere
523 2475 562 2538 de
583 2474 713 2538 linteam
739 2498 799 2560 quo
822 2475 1025 2560 praecinctus
1048 2483 1124 2542 erat.
1139 2475 1253 2542 ‘uenit
1274 2482 1381 2542 autem
1411 2478 1451 2542 ad
1473 2476 1512 2541 si·

280 2599 405 2641 monem
429 2582 562 2662 petrum.
589 2583 621 2642 et
643 2576 720 2641 dicit
742 2576 772 2641 ei
795 2579 848 2640 ille
871 2578 943 2643 due.
967 2586 1001 2643 tu
1029 2578 1110 2643 mihi
1127 2579 1216 2644 lauas
1242 2579 1347 2665 pedes.
1395 2578 1406 2617 l
1450 2581 1512 2644 Re·

282 2678 409 2764 spondit
431 2678 482 2743 ihs
505 2685 537 2744 et
559 2677 642 2743 dixit
664 2679 695 2743 ei
718 2679 800 2764 quod
830 2703 887 2764 ego
921 2679 1003 2748 facio
1036 2688 1072 2747 tu
1097 2681 1198 2747 nescis
1229 2682 1320 2747 modo
1350 2681 1511 2766 cognoscis

281 2785 399 2866 postea.
445 2779 458 2818 ⁸
501 2780 591 2846 Dicit
613 2780 643 2844 ei
665 2790 773 2866 petrus
795 2805 859 2847 non
882 2782 1003 2848 lauabis
1031 2783 1111 2848 mihi
1137 2785 1234 2870 pedes
1266 2785 1299 2849 in
1334 2791 1507 2850 aeternum.

283 2883 462 2969 Respondit
485 2883 533 2948 illi
555 2882 616 2947 ihs.
640 2883 667 2948 si
690 2907 752 2948 non
775 2885 883 2950 lauero
906 2892 938 2951 te
959 2909 1021 2951 non
1051 2886 1183 2952 habebis
1208 2894 1331 2974 partem
1350 2885 1512 2953 mecum⁹

282 2984 360 3051 dicit
381 2985 411 3050 ei
434 2985 536 3051 simon
559 2992 677 3072 petrus,
702 2988 764 3052 dr're
787 3011 849 3052 non
872 2993 995 3054 tantum
1018 2990 1115 3076 pedes
1137 2990 1192 3055 sed
1214 2996 1247 3054 et
1268 2990 1332 3055 iam
1354 3014 1467 3055 manus
1479 2997 1512 3055 et

282 3095 384 3175 caput.
398 3087 426 3126 ¹⁰
437 3087 515 3154 dicit
536 3089 566 3153 ei
581 3089 642 3153 fihs
665 3090 721 3175 qui
743 3091 826 3156 lotus
849 3098 983 3156 estnon
1005 3091 1128 3177 indiget
1149 3091 1212 3157 nisi
1238 3098 1274 3157 ut
1299 3093 1395 3178 pedes
1423 3093 1511 3158 lauet

281 3191 336 3256 sed
359 3198 406 3257 est
429 3193 566 3256 mundus
589 3199 683 3259 totus.
707 3199 739 3258 et
761 3216 817 3259 uos
840 3194 952 3259 mundi
983 3195 1059 3260 estis
1088 3195 1143 3260 sed
1172 3219 1235 3260 non
1264 3219 1381 3260 omnes.
1396 3194 1511 3260 ¹1scie

280 3295 334 3358 bat
357 3293 442 3358 enim
465 3294 615 3378 quidnam
643 3304 725 3361 esset
753 3296 807 3382 qui
834 3297 1009 3362 traditurus
1039 3303 1107 3362 erat
1134 3321 1208 3362 eum
1234 3303 1400 3384 propterea
1428 3294 1511 3361 dixit

256 3410 343 3460 ¹non
367 3395 443 3462 estis
465 3397 555 3460 mudi
576 3420 693 3464 omnes.
720 3396 746 3435 ¹²
774 3399 818 3463 Et
839 3407 1005 3485 postquam
1028 3400 1108 3465 lauit
1130 3402 1225 3486 pedes
1252 3423 1358 3464 eorum
1388 3400 1439 3482 [et]
1463 3421 1510 3462 ac

281 3497 364 3584 cepit
386 3498 578 3565 uestimenta
600 3523 656 3565 sua
679 3508 712 3566 et
734 3526 804 3566 cum
827 3501 945 3566 iterum
957 3501 1150 3567 recubuisset
1168 3503 1246 3569 dicit
1260 3502 1314 3568 eis.
1331 3501 1418 3569 scitis
1432 3502 1509 3586 quid

280 3600 409 3667 fecerim
433 3601 532 3667 uobis.
579 3601 605 3639 ¹⁵
649 3605 716 3669 Uos
739 3602 858 3670 uocatis
881 3627 932 3668 me
955 3604 1103 3690 magister
1126 3612 1157 3670 et
1179 3606 1241 3670 dr're
1264 3613 1296 3670 et
1323 3607 1404 3670 bene
1436 3605 1509 3670 dici-

280 3703 321 3769 tis
344 3727 412 3768 sum
437 3704 531 3768 enim.
547 3703 609 3771 ¹⁴si
632 3706 729 3792 igitur
751 3730 808 3790 ago
835 3707 984 3791 magister
1013 3717 1045 3772 et
1071 3709 1131 3773 dr’rs
1163 3708 1228 3773 laui
1260 3709 1355 3794 pedes
1388 3716 1508 3773 uestros

281 3813 399 3891 quanto
422 3808 522 3892 magis
545 3815 576 3873 et
598 3832 654 3874 uos
671 3809 792 3874 debetis
808 3809 887 3874 alter
903 3809 1033 3876 alterius
1047 3811 1143 3896 pedes
1158 3812 1274 3876 lauare.
1289 3810 1315 3850 ¹⁵
1326 3811 1507 3895 exemplum

280 3907 365 3973 enim
388 3909 459 3974 dedi
484 3910 575 3975 uobis
598 3919 633 3974 ut
656 3911 919 3995 quemadmodum
950 3936 1008 3997 ego
1039 3912 1100 3978 feci
1134 3912 1224 3979 uobis
1257 3914 1353 3979 etiam
1387 3918 1420 3978 et
1451 3933 1508 3977 uos

279 4010 411 4076 faciatis.
459 4011 485 4051 ¹⁶
529 4014 636 4077 Amen
660 4035 748 4078 amen
771 4013 840 4078 dico
862 4016 1036 4094 uobis-non
1060 4023 1108 4081 est
1130 4039 1241 4082 seruus
1259 4016 1359 4081 maior
1374 4016 1437 4079 dno
1452 4036 1507 4079 suo

279 4136 383 4198 neque
406 4120 564 4201 apostolus
587 4116 687 4180 maior
709 4115 763 4180 illo
792 4117 847 4201 qui
876 4117 964 4182 misit
993 4142 1074 4184 eum.
1095 4116 1121 4156 ¹⁷
1137 4118 1164 4182 si
1193 4119 1272 4184 haec
1304 4118 1390 4185 scitis
1422 4116 1507 4182 beati

279 4214 366 4282 eritis
389 4216 415 4280 si
438 4215 576 4288 feceritis
598 4240 644 4281 ea.
692 4216 718 4254 ¹⁸
760 4219 834 4284 Nou
857 4220 896 4285 de
918 4220 1064 4285 omnibus
1085 4220 1176 4286 uobis
1192 4222 1262 4287 dico
1277 4246 1334 4307 ego
1349 4221 1413 4287 scio
1429 4242 1507 4304 quos

279 4318 426 4404 elegerim
451 4319 505 4384 sed
527 4326 563 4385 ut
588 4320 746 4406 inpleatur
776 4321 931 4407 scriptura
961 4323 1016 4406 qui
1042 4323 1213 4389 manducat
1241 4348 1365 4390 mecum
1391 4343 1506 4410 panem

277 4421 400 4486 leuauit
421 4444 516 4507 super
538 4446 588 4486 me
611 4428 791 4488 calcaneum
815 4448 918 4489 suum.
964 4423 992 4462 ¹⁹
1036 4427 1163 4491 Amodo
1187 4427 1256 4493 dico
1283 4427 1373 4493 uobis
1401 4425 1506 4514 prius·

278 4546 372 4608 quam
396 4526 451 4588 fiat
475 4529 508 4590 ut
531 4548 602 4590 oum
625 4524 741 4591 factum
765 4525 862 4592 fuerit
884 4527 959 4612 quia
981 4551 1038 4612 ego
1065 4551 1146 4594 suin.
1198 4529 1226 4567 ²⁰
1273 4532 1381 4595 Amen
1413 4551 1506 4594 amen
