3467 5192
291 275 332 338 68
714 275 750 340 (0.
777 275 806 340 4)
834 274 1015 341 euangelium
1037 290 1093 328 sec.

290 450 397 510 autem
419 444 550 511 simonis
574 446 741 510 tenebatur
765 445 887 529 magnis
909 444 1049 510 febribus
1071 451 1103 510 et
1125 451 1316 529 rogauerunt
1338 444 1430 511 illum
1461 469 1517 532 pro

291 571 336 612 ea.
350 546 378 585 ³⁹
390 554 422 613 01
444 555 529 614 stans
551 570 645 634 super
668 547 755 612 illam
778 546 949 632 imperauit
971 546 1052 612 febri
1074 552 1107 611 01
1128 546 1249 612 dimisit
1270 546 1366 611 illam.
1391 554 1424 612 et
1445 571 1516 612 000-

290 650 381 716 tinuo
403 673 535 734 surgens
557 648 756 721 ministrabat
778 648 833 713 eis.
879 647 908 686 ⁴⁰
951 647 1034 713 Oum
1057 656 1163 713 autem
1186 654 1232 714 sol
1261 649 1427 715 occidisset
1457 674 1519 714 om-

290 775 346 818 nes
369 752 424 837 qui
446 753 604 816 habebant
625 751 766 816 infirmos
788 750 887 815 uariis
908 749 1113 835 languoribus
1135 752 1292 816 ducebant
1315 775 1367 816 eos
1389 753 1428 816 ad
1450 751 1517 816 ilbi.

291 856 330 920 ad
352 855 407 919 ille
430 854 563 940 singulis
585 876 697 918 manus
719 852 885 939 imponens
907 854 1037 918 curabat
1051 877 1112 918 eos.
1157 851 1184 888 ⁴¹
1228 852 1395 938 Exiba(n)t
1411 862 1518 918 antem

291 957 447 1024 daemonia
470 979 488 1020 a
511 956 619 1021 multis
642 955 811 1022 clamantia
833 961 864 1020 et
893 955 1032 1021 dicentia
1062 956 1137 1039 quia
1170 962 1206 1020 tu
1239 977 1273 1020 es
1305 955 1389 1020 filius
1422 956 1454 1020 di
1488 961 1520 1020 et

291 1061 456 1146 increpans
479 1082 542 1122 non
565 1057 687 1123 sinebat
713 1081 750 1122 ea
775 1058 861 1142 loqui
886 1057 961 1142 quia
983 1057 1125 1123 sciebant
1145 1056 1213 1120 ihm
1228 1057 1330 1143 ipsum
1348 1081 1416 1124 esse
1430 1069 1517 1144 xpm.

291 1161 413 1227 “facta
436 1168 542 1226 autem
565 1161 616 1224 die
640 1183 782 1244 egressus
804 1159 871 1225 ibat
892 1159 927 1224 in
949 1160 1108 1225 desertum
1131 1160 1244 1225 locum.
1278 1160 1323 1225 Et
1352 1161 1443 1224 turbe
1473 1183 1518 1224 ro·

292 1266 458 1352 quirebant
481 1287 553 1328 eum
577 1270 609 1328 et
631 1269 789 1327 uenerunt
811 1285 912 1348 usque
942 1263 981 1326 ad
1012 1261 1117 1347 ipsum
1146 1273 1179 1327 et
1211 1260 1396 1327 detinebant
1427 1261 1518 1325 illum

291 1391 332 1432 ne
355 1368 393 1432 ab
417 1365 494 1452 ipsis
517 1365 698 1430 discederet.
744 1362 771 1400 ⁴³
818 1364 942 1449 Quibus
965 1364 1032 1450 ipse
1055 1364 1101 1430 ait
1123 1363 1198 1448 quia
1220 1371 1251 1429 et
1278 1363 1349 1428 aliis
1381 1362 1517 1428 ciuitati·

291 1472 349 1535 bus
373 1476 497 1554 oportet
518 1490 569 1530 me
592 1467 812 1551 euangelinare
834 1490 966 1551 regnum
990 1467 1022 1531 di
1049 1466 1124 1551 quia
1154 1466 1225 1531 ideo
1254 1466 1370 1531 missus
1401 1462 1520 1529 sum.“

292 1580 325 1638 et
347 1582 415 1636 erat
435 1567 611 1655 praedicans
633 1568 666 1634 in
689 1568 856 1653 synagogis
878 1569 1020 1652 galileae.

377 1673 441 1738 IX.
476 1673 513 1750 (o.
549 1673 583 1745 5)
630 1670 640 1706 ¹
685 1672 820 1736 Factum
844 1678 891 1736 est
921 1677 1027 1735 autem
1055 1694 1127 1736 cum
1158 1673 1269 1737 turbae
1296 1671 1459 1735 inruerent
1484 1668 1518 1733 in

292 1799 365 1842 eum
387 1781 424 1839 ut
446 1773 592 1838 audirent
614 1774 747 1837 uerbum
770 1773 801 1835 di
824 1781 855 1837 et
878 1772 946 1858 ipse
968 1774 1070 1838 stabat
1092 1797 1182 1840 secus
1212 1781 1359 1858 stagnum
1388 1795 1517 1856 genesa-

197 1872 199 1877 ’
291 1879 372 1946 reth.
385 1875 397 1912 ²
410 1874 492 1940 uidit
520 1875 598 1939 duas
625 1897 724 1939 naues
757 1880 877 1940 stantes
909 1897 999 1942 secus
1031 1883 1178 1961 stagnum
1210 1874 1380 1963 piscatores
1413 1885 1518 1938 aulem

291 1978 518 2044 descenderant
552 1983 584 2041 et
617 1976 768 2042 lauabant
797 1978 888 2043 retia.
935 1978 947 2016 ⁸
995 1979 1183 2044 Ascendens
1216 1986 1319 2043 autem
1353 1978 1387 2042 in
1421 1999 1518 2040 unam

291 2104 406 2146 nauem
430 2101 511 2164 qnae
534 2085 601 2143 erat
623 2077 753 2144 simonis
779 2079 904 2164 rogauit
925 2104 998 2145 eum
1020 2090 1056 2145 ut
1078 2082 1207 2146 duceret
1228 2104 1247 2144 a
1272 2089 1356 2145 terra
1380 2077 1520 2164 aliquan-

290 2187 401 2248 tulum.
425 2189 458 2246 et
482 2181 594 2247 sedens
616 2181 748 2247 docebat
771 2182 810 2246 de
832 2183 979 2247 nauicula
1006 2185 1122 2248 turbas.
1166 2181 1181 2218 ⁴
1224 2183 1269 2248 Ut
1299 2181 1437 2248 cessauit
1462 2203 1517 2245 au·

291 2292 355 2351 tem
378 2283 467 2370 loqui
490 2281 573 2348 dixit
593 2285 632 2347 ad
656 2284 809 2349 simonem
832 2285 892 2350 duo
914 2286 948 2350 in
970 2286 1069 2351 altum
1086 2292 1118 2351 et
1131 2286 1237 2351 laxate
1251 2284 1366 2351 retiam
1379 2290 1518 2349 uestram

291 2388 326 2452 in
349 2385 590 2473 capturam.⁵et
613 2386 773 2472 respondit
803 2387 906 2452 simon
936 2388 1018 2453 dixit
1050 2388 1103 2452 illi.
1127 2397 1302 2474 praeceptor
1330 2409 1387 2472 per
1419 2391 1518 2450 totam

291 2499 417 2555 noctem
440 2489 618 2554 laborantes
640 2488 722 2552 nihil
744 2489 885 2574 cepimus
907 2491 963 2555 sed
993 2488 1028 2555 in
1056 2491 1154 2556 uerbo
1181 2497 1236 2555 tuo
1258 2490 1370 2554 laxabo
1395 2486 1516 2552 retiam.

291 2591 305 2630 ⁶
348 2592 392 2656 Et
414 2613 486 2656 curn
508 2592 568 2655 hoo
591 2590 765 2670 fecisse(n)t
790 2581 1009 2657 concluserunt
1038 2592 1173 2679 piscium
1202 2591 1440 2656 multitudinem
1467 2613 1516 2654 co·

289 2693 410 2780 piosam
437 2694 664 2778 rumpebantur
693 2699 800 2758 autem
828 2695 908 2759 retia
941 2717 1059 2760 eornm.
1075 2695 1127 2760 ⁷et
1160 2695 1302 2759 adnueril
1336 2693 1431 2758 sociis
1464 2691 1519 2778 qui

288 2802 382 2860 erant
404 2795 442 2859 de
465 2793 527 2858 alia
549 2794 625 2859 naui
648 2801 683 2861 01
704 2795 852 2862 uenirent
873 2803 906 2862 01
928 2797 1117 2863 adiuuarent
1143 2821 1204 2862 eos.
1238 2803 1270 2861 et
1299 2800 1458 2861 uenerunt
1487 2803 1521 2860 et

289 2899 493 2984 inpleberunt
514 2897 620 2961 ambas
644 2898 804 2964 caniculas
826 2898 872 2964 ita
894 2906 930 2964 ut
952 2905 1177 2984 mergerentur.
1223 2897 1236 2936 ⁸
1280 2899 1353 2963 Hoc
1381 2896 1451 2961 uiso
1477 2895 1517 2960 si·

290 3023 365 3065 mon
386 3004 494 3085 petrus
517 2999 651 3084 procidit
673 3000 712 3064 ad
734 3023 838 3085 genus
861 3001 919 3065 ihr'r
941 3001 1048 3067 dicens
1071 3001 1125 3066 exi
1146 3025 1165 3065 a
1186 3025 1238 3065 me
1258 3002 1320 3066 dire
1335 2998 1411 3086 quia
1425 2999 1518 3062 homo

288 3109 435 3186 peccator
457 3123 537 3165 sum.
585 3099 597 3137 ⁹
642 3100 761 3189 Stupor
783 3103 867 3167 enim
891 3104 1027 3168 habebat
1048 3102 1139 3168 illum
1168 3110 1201 3169 et
1227 3126 1336 3168 omnes
1363 3101 1419 3188 qui
1446 3123 1518 3164 cum

288 3203 345 3267 illo
368 3208 458 3268 erant
480 3203 513 3267 in
537 3208 667 3290 captura
689 3205 822 3290 piscium
845 3227 940 3290 quam
965 3212 1091 3291 ceperat
1103 3204 1130 3242 ¹⁰
1141 3205 1288 3271 similiter
1309 3210 1416 3268 autem
1439 3201 1519 3268 iaco·

288 3306 348 3370 bus
371 3310 403 3370 et
423 3304 577 3371 iohannes
599 3307 664 3371 filia
687 3306 833 3372 zebedaei
858 3307 914 3392 qui
937 3315 1027 3373 erant
1049 3307 1124 3373 socii
1145 3307 1284 3373 simonis.
1331 3309 1374 3372 Et
1404 3306 1451 3372 ait
1479 3304 1519 3370 ad

287 3405 445 3471 simonem
467 3409 518 3472 ihs
541 3409 607 3473 noli
630 3407 742 3473 timere
765 3432 804 3472 ex
827 3411 887 3473 hoc
915 3409 979 3473 iam
1001 3411 1145 3474 homines
1166 3408 1332 3473 uiuificans
1357 3408 1518 3492 [capiensJ.

291 3505 318 3543 ¹¹
342 3510 386 3575 Et
400 3508 563 3574 subductis
579 3509 619 3573 ad
634 3516 749 3574 terram
764 3510 921 3576 nauiculis
936 3511 1056 3576 relictis
1071 3511 1216 3576 omnibus
1230 3510 1331 3576 secuti
1345 3516 1420 3576 sunt
1434 3533 1516 3574 eum.

375 3613 420 3675 X.
467 3608 492 3646 ¹²
536 3611 580 3674 Et
602 3609 720 3676 factum
743 3624 791 3677 est
814 3637 885 3678 cum
914 3622 996 3679 esset
1023 3614 1055 3678 in
1084 3637 1148 3678 una
1181 3612 1348 3679 ciuitatum
1382 3617 1414 3677 et
1446 3634 1519 3677 ecce

291 3713 341 3777 uir
362 3713 474 3797 plenus
496 3712 584 3798 lepra
606 3718 638 3778 01
660 3713 728 3798 ipse
750 3715 915 3799 procidens
938 3715 971 3780 in
997 3715 1112 3780 faciem
1142 3718 1271 3801 rogabat
1304 3738 1377 3779 eum
1411 3713 1519 3779 dicens

290 3815 353 3879 dire
375 3813 403 3879 si
424 3814 474 3879 uis
496 3822 585 3900 potes
608 3838 659 3879 me
681 3817 842 3881 mundare.
858 3815 1284 3899 130100100110(0)01000001
1304 3815 1410 3902 tetigit
1428 3816 1518 3880 illum

288 3916 399 3982 dicens
419 3917 492 3980 uolo
516 3916 678 3982 mundare.
701 3923 732 3983 et
755 3918 920 3985 confestim
942 3919 1030 4005 lepra
1053 3919 1121 3986 eins
1144 3919 1286 3986 discessit
1312 3922 1350 3985 ab
1381 3919 1436 3984 illo
1450 3917 1477 3954 ¹⁴
1488 3923 1520 3982 et

290 4017 360 4104 ipss
381 4017 521 4102 precepit
543 4018 591 4082 illi
615 4026 651 4084 ut
673 4019 794 4086 nemini
817 4021 936 4086 diceret
958 4022 1013 4087 sed
1034 4022 1115 4086 uade
1137 4023 1267 4086 ostende
1296 4028 1328 4087 10
1351 4019 1518 4086 sacerdoti·

291 4122 351 4186 bns
374 4126 406 4185 et
427 4119 519 4186 offers
541 4144 596 4206 pro
619 4121 877 4187 emundationem
899 4129 986 4188 tuam
1009 4122 1092 4188 sicut
1112 4123 1274 4210 praecepit
1287 4145 1411 4200 moyses
1426 4130 1462 4187 ut
1478 4122 1520 4187 sit

289 4221 326 4287 in
348 4220 565 4288 testimonium
588 4223 646 4286 hoc
669 4222 759 4288 uobis
786 4225 882 4307 [illisl.
928 4224 955 4264 ¹⁶
1006 4226 1250 4290 Perambulabat
1278 4233 1385 4291 autem
1419 4224 1520 4309 magis

291 4348 394 4391 sermo
417 4324 455 4390 de
477 4324 531 4388 illo
554 4330 587 4387 et
611 4323 840 4390 conueniebant
863 4326 974 4391 turbae
996 4327 1114 4392 multae
1143 4336 1180 4392 01
1210 4327 1357 4394 audirent
1385 4350 1457 4391 eum
1487 4334 1521 4391 et

293 4431 458 4492 curaretur·
479 4426 517 4490 ab
540 4424 777 4492 infirmitatibus
801 4426 875 4493 suis.
923 4425 950 4466 ¹⁸
992 4429 1067 4515 Ipse
1090 4434 1196 4495 autem
1221 4430 1387 4495 secedebat
1413 4430 1447 4495 in
1470 4430 1521 4493 de·

290 4536 376 4595 serto
399 4535 432 4594 01
453 4528 568 4593 orabat.
