3467 5192
738 293 865 332 marcum
883 279 920 344 (c.
941 279 996 345 11).
1420 280 1481 344 119

242 449 372 516 fecistis
393 449 482 515 illam
504 449 685 536 speluncam
707 449 876 515 latronum.
922 447 949 486 ¹⁸
992 447 1065 532 Quo
1087 449 1195 515 audito
1217 450 1351 516 summis
1384 473 1481 516 sacer-

247 552 377 618 dotibus
399 559 432 618 et
452 552 572 618 scribae
602 552 795 637 quaerebant
816 552 972 637 quomodo
995 550 1089 617 illum
1111 552 1286 638 perderent.
1311 551 1482 618 Timebant

242 662 357 720 :autem
381 655 422 720 eri
450 654 599 740 quoniam
625 654 776 719 uniuersa
808 655 901 719 turba
933 654 1147 722 admirabatur
1180 678 1274 741 super
1307 655 1481 721 doctrinam

246 757 329 824 eius.
376 756 403 795 ¹⁹
446 758 584 822 Etcum
607 779 739 842 uespera
762 757 845 822 facta
867 765 949 822 esset
976 756 1196 842 egrediebatur
1226 758 1266 822 de
1300 757 1440 824 ciuitate.
1454 756 1482 795 ²⁰

242 866 378 926 etcum
401 865 549 926 transiret
570 883 662 924 mane
684 859 834 925 uiderunt
857 860 999 925 arborem
1021 859 1073 925 fici
1087 859 1230 925 haridam
1253 859 1369 926 factam
1390 883 1409 925 a
1432 884 1479 925 ra·

244 961 385 1027 dicibus.
400 959 470 1028 21et
492 962 673 1027 recordatus
704 968 812 1048 petrus
845 962 890 1027 ait
916 961 965 1027 illi
997 962 1086 1027 rabbi
1119 986 1189 1027 ecce
1223 963 1315 1027 arbor
1346 962 1398 1028 fiai
1431 965 1482 1029 cui

251 1064 445 1129 maledixisti
468 1064 560 1130 aruit.
606 1063 632 1100 ²²
676 1065 720 1130 Et
742 1065 933 1151 respondens
955 1065 1007 1129 ihs
1030 1065 1075 1130 ait
1096 1064 1160 1130 illis
1182 1066 1296 1131 habete
1327 1065 1362 1131 in
1391 1065 1483 1131 uobis

241 1167 346 1232 fidem
369 1169 410 1231 di.
457 1165 483 1205 2³
527 1169 634 1233 Amen
657 1167 726 1232 dico
749 1167 840 1232 uobis
862 1168 1012 1252 quoniam
1039 1166 1231 1253 quicumque
1260 1167 1378 1234 dixerit
1406 1167 1482 1233 huic

252 1271 353 1336 monti
374 1271 486 1337 tollere
509 1279 541 1335 et
562 1269 688 1336 mittere
711 1270 745 1333 in
770 1293 856 1334 mare
879 1275 912 1336 et
932 1294 997 1335 non
1019 1269 1206 1336 hesitanerit
1234 1269 1268 1335 in
1297 1271 1390 1336 corde
1425 1294 1482 1337 suo

243 1374 306 1440 *sed
330 1371 498 1449 crediderit
530 1372 673 1439 futurum
703 1376 758 1438 fiet
791 1373 1013 1458 quodcumque
1048 1372 1174 1438 dixerit.
1230 1371 1258 1410 ²⁴
1310 1375 1483 1461 Propterea

241 1475 321 1542 vdico
343 1476 433 1542 uobis
455 1475 562 1541 omnia
583 1499 802 1561 quaecumque
824 1467 943 1541 orantis
965 1474 1073 1560 petitis
1105 1475 1223 1540 credite
1250 1475 1400 1560 quoniam
1429 1473 1482 1540 ad·

241 1578 376 1665 *cipietis
399 1584 431 1644 et
454 1578 514 1644 erit
535 1577 636 1645 uobis.
684 1576 710 1618 ²⁵
737 1579 797 1644 'nt
818 1600 892 1643 oum
915 1577 1005 1644 statis
1027 1578 1067 1642 ad
1090 1577 1242 1643 orandum
1269 1577 1422 1644 dimittite
1455 1579 1482 1644 si

242 1679 329 1766 *quid
351 1681 473 1747 habetis
496 1682 672 1762 atd)uersus
694 1679 833 1766 aliquem
856 1686 893 1745 ut
915 1689 946 1747 et
971 1687 1061 1765 pater
1093 1685 1201 1746 uester
1233 1679 1290 1765 qui
1322 1680 1356 1745 in
1385 1681 1481 1747 caelis

244 1794 300 1849 est
322 1783 461 1849 dimittat
483 1783 573 1848 uobis
595 1782 710 1849 delicta
739 1791 852 1849 uestra.
900 1781 927 1820 ²⁶
972 1781 1065 1867 Quod
1098 1782 1125 1847 si
1158 1805 1217 1848 uos
1247 1805 1311 1848 non
1344 1783 1464 1850 remitti

250 1909 309 1952 neo
332 1891 421 1972 pater
443 1894 549 1953 uester
571 1885 627 1971 qui
650 1886 684 1950 iu
707 1884 783 1951 celis
806 1895 853 1951 est
874 1885 1017 1951 remittet
1039 1885 1130 1950 uobis
1150 1891 1280 1971 paccata
1301 1894 1418 1952 uestra.

336 1987 501 2055 XXXVI
545 1987 572 2026 ²⁷
615 1989 659 2053 Et
680 1987 770 2054 uenit
792 2011 901 2054 rursus
923 1988 1180 2074 hierosolymam.
1214 2001 1246 2053 et
1275 2011 1346 2054 cum
1379 1988 1483 2055 deam·

251 2091 374 2157 bularet
396 2091 429 2155 in
453 2098 569 2178 templo
592 2098 750 2156 uenerunt
772 2091 811 2156 ad
834 2115 908 2156 eum
930 2091 1088 2177 principes
1116 2091 1313 2157 sacerdotum
1346 2099 1378 2158 et
1410 2091 1482 2158 sori·

251 2194 310 2258 bae
333 2201 364 2258 et
386 2193 525 2259 seniores
538 2192 609 2260 ²³⁸et
631 2193 740 2260 dicunt
762 2193 811 2258 illi
833 2193 866 2257 in
891 2217 954 2279 qua
975 2200 1130 2279 potestate
1152 2195 1230 2258 haee
1252 2192 1330 2258 fecis
1352 2201 1384 2258 et
1410 2194 1481 2277 quis

249 2295 308 2361 tibi
330 2297 412 2361 hano
434 2303 622 2381 potestatem
646 2297 740 2363 dedit.
788 2294 815 2334 ²⁹
858 2296 917 2360 [hs
939 2303 1046 2361 autem
1068 2297 1260 2382 respondens
1282 2295 1328 2361 ait
1349 2295 1414 2362 illis
1436 2295 1482 2361 in-

243 2400 414 2484 terrogabo
436 2422 493 2464 uos
516 2406 548 2464 et
571 2422 628 2484 ego
650 2423 749 2463 unum
773 2399 906 2464 uerbum
929 2408 961 2463 et
982 2399 1169 2484 respondete
1191 2397 1272 2463 mihi
1294 2405 1327 2464 et
1354 2423 1411 2484 ego
1434 2398 1480 2464 di·

242 2525 319 2566 -oam
342 2501 432 2567 uobis
454 2501 488 2567 in
511 2525 574 2586 qua
595 2508 751 2586 potestate
773 2502 852 2567 haec
874 2500 964 2566 facio·
1019 2499 1047 2538 ³⁰
1098 2500 1302 2586 Baptismum
1336 2500 1483 2567 iohannis

242 2604 290 2669 de
314 2604 399 2670 caelo
422 2610 471 2669 est
492 2628 533 2668 an
556 2628 596 2670 ex
618 2603 798 2670 hominibus
820 2604 1007 2690 respondete
1030 2603 1120 2669 mihi.
1166 2601 1192 2640 ³²
1235 2604 1291 2668 Illi
1306 2627 1382 2669 uero
1398 2604 1481 2689 cogi·
1584 2656 1586 2659 v

252 2707 363 2773 tabant
391 2706 431 2771 ad
461 2706 601 2773 inuicem
633 2706 773 2773 dicentes
809 2705 886 2792 quid
916 2707 1142 2791 respondemus
1174 2705 1202 2772 si
1236 2706 1409 2772 dixerimus
1443 2707 1482 2772 de

243 2810 338 2874 caelo
361 2807 445 2874 dicet
468 2831 565 2894 quare
589 2832 663 2894 ergo
680 2816 749 2876 ‘non
771 2809 947 2874 credidistis
971 2810 998 2874 ei
1011 2807 1038 2845 ³²
1049 2808 1077 2874 si
1100 2819 1208 2875 autem
1237 2808 1412 2874 dixerimus
1443 2833 1483 2874 ex

252 2910 433 2977 hominibus
455 2912 605 2978 timemus
625 2912 778 2999 populum
801 2934 909 2977 omnes
931 2910 1017 2976 enim
1032 2912 1182 2978 sciebant
1203 2911 1375 2977 iohannem
1407 2933 1482 2978 uere

243 3015 438 3100 ‘prophetam
461 3037 537 3080 esse.
551 3012 622 3080 ³³et
643 3014 873 3100 responderunt
899 3014 939 3078 ad
971 3014 1038 3078 ihm
1072 3014 1214 3080 dicentes
1247 3013 1413 3080 nescimus.
1451 3023 1483 3080 et

251 3115 414 3202 respondit
442 3116 493 3181 ihs
526 3117 573 3184 ait
604 3116 668 3182 illis
701 3139 804 3202 neque
837 3139 895 3200 ego
928 3114 998 3182 dico
1032 3117 1118 3181 uobis
1152 3117 1185 3180 iu
1219 3139 1282 3202 qua
1326 3122 1483 3202 potestate

253 3219 331 3283 haeo
353 3217 444 3285 facio.
1113 3264 1115 3266 -

339 3320 532 3387 XXXVII.
556 3326 596 3404 (o.
621 3323 674 3401 12)
688 3323 699 3358 ¹
712 3328 744 3388 et
766 3321 870 3408 coepit
890 3321 942 3387 ihr
964 3321 998 3386 in
1028 3322 1183 3408 parabolis
1216 3321 1304 3408 loqui
1336 3321 1401 3387 illis
1435 3321 1482 3386 ui·

245 3447 347 3490 neam
368 3424 543 3510 pastinauit
565 3426 658 3492 bomo
692 3430 724 3491 et
761 3424 971 3492 circumdedit
1002 3435 1077 3510 sepe
1106 3431 1138 3490 et
1169 3423 1250 3490 fodit
1281 3424 1420 3490 torcular
1453 3432 1486 3490 et

246 3526 435 3593 :aedifioauit
456 3529 569 3594 turrim
592 3536 624 3594 et
645 3527 763 3594 locauit
785 3551 855 3593 eam
879 3527 997 3593 colonis
1019 3535 1052 3592 et
1080 3530 1207 3613 pelegra
1235 3526 1394 3613 profectus
1428 3535 1485 3592 est.

257 3627 269 3664 ²
312 3631 357 3695 Et
379 3629 466 3696 misit
488 3631 528 3696 ad
549 3631 674 3696 colonos
696 3629 731 3695 in
753 3638 895 3716 tempore
919 3652 1047 3695 seruum
1069 3636 1107 3695 ut
1128 3629 1241 3695 darent
1261 3628 1310 3694 illi
1332 3654 1373 3694 ex
1391 3629 1487 3695 uinea

246 3729 476 3798 ‘fructum.³et
497 3734 728 3820 adprehensum
750 3757 823 3798 eum
847 3732 1029 3801 ceciderunt
1051 3739 1083 3797 et
1105 3731 1261 3798 miserunt
1287 3755 1423 3798 uacuum
1447 3731 1486 3797 ad

248 3858 339 3900 eum.
384 3834 399 3872 ⁴
441 3836 486 3902 Et
507 3837 623 3902 iterum
645 3835 732 3901 misit
754 3837 794 3901 ad
816 3835 888 3901 illos
911 3834 1009 3900 alium
1032 3858 1162 3900 seruum
1185 3842 1218 3899 et
1248 3834 1337 3900 illum
1372 3834 1406 3898 in
1441 3858 1488 3900 ca-

247 3937 322 4024 pite
344 3939 597 4004 uulnerauerunt
617 3944 650 4004 et
672 3937 872 4004 coutumeliis
888 3936 1080 4003 adfecerunt.
1127 3935 1140 3974 ⁵
1184 3937 1229 4002 Et
1243 3936 1342 4002 aliurn
1357 3960 1485 4027 seruum

257 4039 344 4105 misit
367 4048 399 4106 et
420 4041 511 4107 illum
533 4040 716 4114 occiderunt
748 4048 780 4106 et
813 4040 892 4107 alios
922 4041 1028 4127 plures
1061 4047 1094 4106 et
1125 4039 1276 4125 quosdam
1307 4037 1489 4105 ceciderunt

249 4143 408 4228 quosdam
432 4167 508 4209 uero
531 4144 722 4210 occiderunt.
768 4143 781 4182 ⁶
824 4143 943 4209 Adhuc
968 4150 1075 4208 autem
1104 4166 1203 4207 unum
1235 4142 1355 4208 babens
1387 4141 1489 4207 filium

250 4245 477 4312 charissimum
500 4254 532 4313 et
554 4246 644 4312 illum
666 4245 755 4312 misit
776 4245 985 4312 nouissimum
1009 4245 1117 4310 dicens
1139 4245 1216 4330 quia
1242 4243 1374 4310 forsitan
1387 4244 1489 4310 filium

258 4371 365 4414 meum
387 4350 625 4416 reuerebuntur.
673 4348 684 4387 ⁷
728 4348 842 4415 Ooloni
868 4354 975 4414 autem
1008 4347 1158 4413 dixerunt
1191 4347 1230 4411 ad
1253 4346 1401 4414 inuicem.
1437 4346 1490 4413 hic

252 4458 307 4519 ⁴est
328 4453 419 4518 heres
441 4451 551 4516 uenite
573 4450 751 4519 occidamus
774 4475 846 4516 eum
875 4458 907 4517 et
935 4455 1044 4517 nostra
1069 4449 1130 4515 erit
1162 4448 1330 4515 hereditas.
1345 4448 1403 4514 ⁸et
1435 4449 1489 4516 ad·

254 4554 449 4640 prehensum
473 4577 547 4619 eum
569 4553 750 4620 occiderunt
778 4559 810 4619 et
840 4553 1022 4640 proicerunt
1056 4552 1145 4617 illum
1178 4557 1268 4617 extra
1301 4551 1437 4618 uincam.
1477 4549 1490 4589 ⁹

257 4656 347 4740 Quid
369 4679 442 4742 ergo
465 4655 562 4722 faciet
590 4656 661 4721 dms
694 4655 818 4722 uineae.
856 4654 947 4720 uenit
981 4662 1015 4720 et
1045 4654 1156 4740 perdet
1190 4655 1316 4720 colonos
1349 4661 1383 4718 et
1404 4652 1492 4719 dabit
