<?xml version="1.0" encoding="UTF-8"?>
<!DOCTYPE html PUBLIC "-//W3C//DTD XHTML 1.0 Transitional//EN"
    "http://www.w3.org/TR/xhtml1/DTD/xhtml1-transitional.dtd">
<html xmlns="http://www.w3.org/1999/xhtml" xml:lang="en" lang="en">
 <head>
  <title>
</title>
<meta http-equiv="Content-Type" content="text/html;charset=utf-8" />
  <meta name='ocr-system' content='tesseract 3.04.00' />
  <meta name='ocr-capabilities' content='ocr_page ocr_carea ocr_par ocr_line ocrx_word'/>
</head>
<body>
  <div class='ocr_page' id='page_1' title='image "./codexfcorbeiens00unkngoog_0103.png"; bbox 0 0 3467 5192; ppageno 0'>
   <div class='ocr_carea' id='block_1_1' title="bbox 693 263 1434 331">
    <p class='ocr_par' dir='ltr' id='par_1_1' title="bbox 693 263 1434 331">
     <span class='ocr_line' id='line_1_1' title="bbox 693 263 1434 331; baseline -0.003 -14"><span class='ocrx_word' id='word_1_1' title='bbox 693 266 826 319; x_wconf 89' lang='lat' dir='ltr'><strong>lucanum</strong></span> <span class='ocrx_word' id='word_1_2' title='bbox 840 263 868 327; x_wconf 85' lang='lat' dir='ltr'><strong>(c</strong></span> <span class='ocrx_word' id='word_1_3' title='bbox 894 264 948 329; x_wconf 83' lang='lat'>18).</span> <span class='ocrx_word' id='word_1_4' title='bbox 1395 269 1434 331; x_wconf 82' lang='lat'><strong>91</strong></span> 
     </span>
    </p>
   </div>
   <div class='ocr_carea' id='block_1_2' title="bbox 204 431 1441 4715">
    <p class='ocr_par' dir='ltr' id='par_1_2' title="bbox 205 431 1438 1442">
     <span class='ocr_line' id='line_1_2' title="bbox 205 431 1436 521; baseline 0.006 -26"><span class='ocrx_word' id='word_1_5' title='bbox 205 439 313 496; x_wconf 85' lang='lat' dir='ltr'><strong>autem</strong></span> <span class='ocrx_word' id='word_1_6' title='bbox 337 431 425 497; x_wconf 93' lang='lat' dir='ltr'><strong>illum</strong></span> <span class='ocrx_word' id='word_1_7' title='bbox 449 433 572 499; x_wconf 75' lang='lat' dir='ltr'><strong>tristem</strong></span> <span class='ocrx_word' id='word_1_8' title='bbox 595 433 712 500; x_wconf 85' lang='lat' dir='ltr'><strong>factum</strong></span> <span class='ocrx_word' id='word_1_9' title='bbox 736 434 818 499; x_wconf 80' lang='lat' dir='ltr'><strong>dixit</strong></span> <span class='ocrx_word' id='word_1_10' title='bbox 847 433 909 501; x_wconf 79' lang='lat' dir='ltr'><strong>ihs.</strong></span> <span class='ocrx_word' id='word_1_11' title='bbox 965 434 1070 518; x_wconf 75' lang='lat' dir='ltr'><strong>Quam</strong></span> <span class='ocrx_word' id='word_1_12' title='bbox 1100 433 1233 500; x_wconf 86' lang='lat' dir='ltr'><strong>difficile</strong></span> <span class='ocrx_word' id='word_1_13' title='bbox 1260 434 1315 521; x_wconf 91' lang='lat' dir='ltr'><strong>qui</strong></span> <span class='ocrx_word' id='word_1_14' title='bbox 1343 459 1436 521; x_wconf 89' lang='lat' dir='ltr'><strong>pecu·</strong></span> 
     </span>
     <span class='ocr_line' id='line_1_3' title="bbox 207 534 1438 621; baseline 0.004 -24"><span class='ocrx_word' id='word_1_15' title='bbox 207 534 278 598; x_wconf 91' lang='lat' dir='ltr'><strong>nias</strong></span> <span class='ocrx_word' id='word_1_16' title='bbox 300 535 418 601; x_wconf 88' lang='lat' dir='ltr'><strong>habent</strong></span> <span class='ocrx_word' id='word_1_17' title='bbox 447 535 480 600; x_wconf 92' lang='lat' dir='ltr'><strong>in</strong></span> <span class='ocrx_word' id='word_1_18' title='bbox 512 560 643 621; x_wconf 85' lang='lat' dir='ltr'><strong>regnum</strong></span> <span class='ocrx_word' id='word_1_19' title='bbox 674 538 706 601; x_wconf 86' lang='lat' dir='ltr'><strong>di</strong></span> <span class='ocrx_word' id='word_1_20' title='bbox 739 535 910 602; x_wconf 90' lang='lat' dir='ltr'><strong>intrabunt.</strong></span> <span class='ocrx_word' id='word_1_21' title='bbox 958 535 986 575; x_wconf 76' lang='lat'><strong>²⁵</strong></span> <span class='ocrx_word' id='word_1_22' title='bbox 1029 535 1170 602; x_wconf 78' lang='lat' dir='ltr'><strong>Facilius</strong></span> <span class='ocrx_word' id='word_1_23' title='bbox 1200 546 1248 602; x_wconf 99' lang='grc' dir='ltr'><strong>θεῖ</strong></span> <span class='ocrx_word' id='word_1_24' title='bbox 1276 537 1360 602; x_wconf 88' lang='lat' dir='ltr'><strong>enim</strong></span> <span class='ocrx_word' id='word_1_25' title='bbox 1391 561 1438 604; x_wconf 90' lang='lat' dir='ltr'><strong>ca·</strong></span> 
     </span>
     <span class='ocr_line' id='line_1_4' title="bbox 207 636 1437 725; baseline 0.005 -25"><span class='ocrx_word' id='word_1_26' title='bbox 207 636 325 702; x_wconf 89' lang='lat' dir='ltr'><strong>melum</strong></span> <span class='ocrx_word' id='word_1_27' title='bbox 348 660 404 722; x_wconf 89' lang='lat' dir='ltr'><strong>per</strong></span> <span class='ocrx_word' id='word_1_28' title='bbox 426 637 567 703; x_wconf 82' lang='lat' dir='ltr'><strong>foramen</strong></span> <span class='ocrx_word' id='word_1_29' title='bbox 589 661 664 704; x_wconf 89' lang='lat' dir='ltr'><strong>acus</strong></span> <span class='ocrx_word' id='word_1_30' title='bbox 686 639 820 704; x_wconf 87' lang='lat' dir='ltr'><strong>transire</strong></span> <span class='ocrx_word' id='word_1_31' title='bbox 843 663 939 725; x_wconf 89' lang='lat' dir='ltr'><strong>quarn</strong></span> <span class='ocrx_word' id='word_1_32' title='bbox 966 639 1099 704; x_wconf 90' lang='lat' dir='ltr'><strong>diuitem</strong></span> <span class='ocrx_word' id='word_1_33' title='bbox 1128 639 1247 704; x_wconf 86' lang='lat' dir='ltr'><strong>intrare</strong></span> <span class='ocrx_word' id='word_1_34' title='bbox 1279 640 1313 704; x_wconf 92' lang='lat' dir='ltr'><strong>in</strong></span> <span class='ocrx_word' id='word_1_35' title='bbox 1339 663 1437 724; x_wconf 85' lang='lat' dir='ltr'><strong>regno</strong></span> 
     </span>
     <span class='ocr_line' id='line_1_5' title="bbox 208 736 1437 827; baseline 0.005 -25"><span class='ocrx_word' id='word_1_36' title='bbox 208 739 250 804; x_wconf 88' lang='lat' dir='ltr'><strong>di.</strong></span> <span class='ocrx_word' id='word_1_37' title='bbox 296 736 323 777; x_wconf 72' lang='lat'><strong>‘²⁶</strong></span> <span class='ocrx_word' id='word_1_38' title='bbox 365 740 410 805; x_wconf 81' lang='lat' dir='ltr'><strong>Et</strong></span> <span class='ocrx_word' id='word_1_39' title='bbox 432 739 583 808; x_wconf 86' lang='lat' dir='ltr'><strong>dixerunt</strong></span> <span class='ocrx_word' id='word_1_40' title='bbox 605 741 660 826; x_wconf 91' lang='lat' dir='ltr'><strong>qui</strong></span> <span class='ocrx_word' id='word_1_41' title='bbox 683 741 832 806; x_wconf 76' lang='lat' dir='ltr'><strong>audiebat</strong></span> <span class='ocrx_word' id='word_1_42' title='bbox 854 748 887 806; x_wconf 91' lang='lat' dir='ltr'><strong>et</strong></span> <span class='ocrx_word' id='word_1_43' title='bbox 909 741 980 827; x_wconf 89' lang='lat' dir='ltr'><strong>quis</strong></span> <span class='ocrx_word' id='word_1_44' title='bbox 1007 749 1111 827; x_wconf 91' lang='lat' dir='ltr'><strong>potest</strong></span> <span class='ocrx_word' id='word_1_45' title='bbox 1139 741 1246 806; x_wconf 89' lang='lat' dir='ltr'><strong>saluus</strong></span> <span class='ocrx_word' id='word_1_46' title='bbox 1274 741 1437 808; x_wconf 71' lang='lat' dir='ltr'><strong>fieri2⁷ait</strong></span> 
     </span>
     <span class='ocr_line' id='line_1_6' title="bbox 205 838 1438 930; baseline 0.004 -26"><span class='ocrx_word' id='word_1_47' title='bbox 205 838 271 907; x_wconf 73' lang='lat' dir='ltr'><strong>init</strong></span> <span class='ocrx_word' id='word_1_48' title='bbox 292 841 344 907; x_wconf 76' lang='lat' dir='ltr'><strong>ihs</strong></span> <span class='ocrx_word' id='word_1_49' title='bbox 367 866 448 927; x_wconf 88' lang='lat' dir='ltr'><strong>quae</strong></span> <span class='ocrx_word' id='word_1_50' title='bbox 470 842 665 930; x_wconf 79' lang='lat' dir='ltr'><strong>inpossibilia</strong></span> <span class='ocrx_word' id='word_1_51' title='bbox 688 849 763 909; x_wconf 91' lang='lat' dir='ltr'><strong>sunt</strong></span> <span class='ocrx_word' id='word_1_52' title='bbox 785 845 870 929; x_wconf 91' lang='lat' dir='ltr'><strong>apud</strong></span> <span class='ocrx_word' id='word_1_53' title='bbox 891 844 1036 908; x_wconf 90' lang='lat' dir='ltr'><strong>homines</strong></span> <span class='ocrx_word' id='word_1_54' title='bbox 1065 843 1228 929; x_wconf 90' lang='lat' dir='ltr'><strong>possibilia</strong></span> <span class='ocrx_word' id='word_1_55' title='bbox 1254 852 1328 910; x_wconf 89' lang='lat' dir='ltr'><strong>sunt</strong></span> <span class='ocrx_word' id='word_1_56' title='bbox 1360 852 1438 929; x_wconf 89' lang='lat' dir='ltr'><strong>aput</strong></span> 
     </span>
     <span class='ocr_line' id='line_1_7' title="bbox 206 943 1438 1032; baseline 0.004 -24"><span class='ocrx_word' id='word_1_57' title='bbox 206 945 312 1010; x_wconf 90' lang='lat' dir='ltr'><strong>deum.</strong></span> <span class='ocrx_word' id='word_1_58' title='bbox 326 943 406 1011; x_wconf 74' lang='lat' dir='ltr'><strong>²⁸ait</strong></span> <span class='ocrx_word' id='word_1_59' title='bbox 428 951 534 1011; x_wconf 89' lang='lat' dir='ltr'><strong>autem</strong></span> <span class='ocrx_word' id='word_1_60' title='bbox 557 958 666 1032; x_wconf 87' lang='lat' dir='ltr'><strong>petrus</strong></span> <span class='ocrx_word' id='word_1_61' title='bbox 689 969 761 1011; x_wconf 89' lang='lat' dir='ltr'><strong>ecce</strong></span> <span class='ocrx_word' id='word_1_62' title='bbox 784 969 840 1011; x_wconf 91' lang='lat' dir='ltr'><strong>nos</strong></span> <span class='ocrx_word' id='word_1_63' title='bbox 862 946 983 1011; x_wconf 86' lang='lat' dir='ltr'><strong>relictis</strong></span> <span class='ocrx_word' id='word_1_64' title='bbox 1005 947 1099 1011; x_wconf 89' lang='lat' dir='ltr'><strong>rebus</strong></span> <span class='ocrx_word' id='word_1_65' title='bbox 1122 947 1237 1012; x_wconf 87' lang='lat' dir='ltr'><strong>nostris</strong></span> <span class='ocrx_word' id='word_1_66' title='bbox 1266 947 1365 1012; x_wconf 87' lang='lat' dir='ltr'><strong>secuti</strong></span> <span class='ocrx_word' id='word_1_67' title='bbox 1388 970 1438 1013; x_wconf 92' lang='lat' dir='ltr'><strong>su·</strong></span> 
     </span>
     <span class='ocr_line' id='line_1_8' title="bbox 207 1045 1437 1135; baseline 0.002 -24"><span class='ocrx_word' id='word_1_68' title='bbox 207 1070 278 1112; x_wconf 87' lang='lat' dir='ltr'><strong>mus</strong></span> <span class='ocrx_word' id='word_1_69' title='bbox 300 1054 340 1112; x_wconf 90' lang='lat' dir='ltr'><strong>te.</strong></span> <span class='ocrx_word' id='word_1_70' title='bbox 355 1045 382 1084; x_wconf 68' lang='lat'><strong>²⁹</strong></span> <span class='ocrx_word' id='word_1_71' title='bbox 393 1048 507 1134; x_wconf 85' lang='lat' dir='ltr'><strong>quibus</strong></span> <span class='ocrx_word' id='word_1_72' title='bbox 530 1048 598 1135; x_wconf 90' lang='lat' dir='ltr'><strong>ipse</strong></span> <span class='ocrx_word' id='word_1_73' title='bbox 620 1048 697 1114; x_wconf 86' lang='lat' dir='ltr'><strong>dixit</strong></span> <span class='ocrx_word' id='word_1_74' title='bbox 719 1059 790 1114; x_wconf 75' lang='lat' dir='ltr'><strong>ame</strong></span> <span class='ocrx_word' id='word_1_75' title='bbox 813 1048 884 1114; x_wconf 91' lang='lat' dir='ltr'><strong>dico</strong></span> <span class='ocrx_word' id='word_1_76' title='bbox 906 1048 997 1114; x_wconf 90' lang='lat' dir='ltr'><strong>uobis</strong></span> <span class='ocrx_word' id='word_1_77' title='bbox 1019 1072 1112 1114; x_wconf 91' lang='lat' dir='ltr'><strong>nemo</strong></span> <span class='ocrx_word' id='word_1_78' title='bbox 1135 1055 1184 1113; x_wconf 89' lang='lat' dir='ltr'><strong>est</strong></span> <span class='ocrx_word' id='word_1_79' title='bbox 1206 1049 1260 1134; x_wconf 94' lang='lat' dir='ltr'><strong>qui</strong></span> <span class='ocrx_word' id='word_1_80' title='bbox 1276 1048 1437 1133; x_wconf 89' lang='lat' dir='ltr'><strong>relinquat</strong></span> 
     </span>
     <span class='ocr_line' id='line_1_9' title="bbox 206 1149 1435 1237; baseline 0.002 -24"><span class='ocrx_word' id='word_1_81' title='bbox 206 1149 304 1214; x_wconf 82' lang='lat' dir='ltr'><strong>doml&#39;l</strong></span> <span class='ocrx_word' id='word_1_82' title='bbox 327 1158 382 1215; x_wconf 89' lang='lat' dir='ltr'><strong>aut</strong></span> <span class='ocrx_word' id='word_1_83' title='bbox 404 1159 549 1237; x_wconf 87' lang='lat' dir='ltr'><strong>parentes</strong></span> <span class='ocrx_word' id='word_1_84' title='bbox 571 1159 627 1216; x_wconf 89' lang='lat' dir='ltr'><strong>aut</strong></span> <span class='ocrx_word' id='word_1_85' title='bbox 648 1150 760 1217; x_wconf 85' lang='lat' dir='ltr'><strong>fratres</strong></span> <span class='ocrx_word' id='word_1_86' title='bbox 783 1159 839 1216; x_wconf 88' lang='lat' dir='ltr'><strong>aut</strong></span> <span class='ocrx_word' id='word_1_87' title='bbox 861 1157 960 1216; x_wconf 71' lang='lat' dir='ltr'><strong>uxoria</strong></span> <span class='ocrx_word' id='word_1_88' title='bbox 984 1159 1039 1216; x_wconf 89' lang='lat' dir='ltr'><strong>aut</strong></span> <span class='ocrx_word' id='word_1_89' title='bbox 1059 1151 1142 1217; x_wconf 89' lang='lat' dir='ltr'><strong>filios</strong></span> <span class='ocrx_word' id='word_1_90' title='bbox 1163 1161 1291 1237; x_wconf 90' lang='lat' dir='ltr'><strong>propter</strong></span> <span class='ocrx_word' id='word_1_91' title='bbox 1301 1175 1435 1237; x_wconf 87' lang='lat' dir='ltr'><strong>regnum</strong></span> 
     </span>
     <span class='ocr_line' id='line_1_10' title="bbox 205 1248 1434 1340; baseline 0.002 -25"><span class='ocrx_word' id='word_1_92' title='bbox 205 1251 249 1315; x_wconf 91' lang='lat' dir='ltr'><strong>di.</strong></span> <span class='ocrx_word' id='word_1_93' title='bbox 295 1248 323 1289; x_wconf 79' lang='lat'><strong>³⁰</strong></span> <span class='ocrx_word' id='word_1_94' title='bbox 366 1252 431 1337; x_wconf 76' lang='lat' dir='ltr'><strong>Qui</strong></span> <span class='ocrx_word' id='word_1_95' title='bbox 453 1277 517 1318; x_wconf 92' lang='lat' dir='ltr'><strong>non</strong></span> <span class='ocrx_word' id='word_1_96' title='bbox 539 1254 671 1340; x_wconf 90' lang='lat' dir='ltr'><strong>recipiat</strong></span> <span class='ocrx_word' id='word_1_97' title='bbox 701 1254 820 1340; x_wconf 86' lang='lat' dir='ltr'><strong>septies</strong></span> <span class='ocrx_word' id='word_1_98' title='bbox 848 1260 971 1319; x_wconf 88' lang='lat' dir='ltr'><strong>tantum</strong></span> <span class='ocrx_word' id='word_1_99' title='bbox 1002 1254 1036 1318; x_wconf 91' lang='lat' dir='ltr'><strong>in</strong></span> <span class='ocrx_word' id='word_1_100' title='bbox 1070 1256 1129 1319; x_wconf 91' lang='lat' dir='ltr'><strong>hoc</strong></span> <span class='ocrx_word' id='word_1_101' title='bbox 1162 1261 1304 1339; x_wconf 89' lang='lat' dir='ltr'><strong>tempore</strong></span> <span class='ocrx_word' id='word_1_102' title='bbox 1337 1262 1370 1319; x_wconf 92' lang='lat' dir='ltr'><strong>et</strong></span> <span class='ocrx_word' id='word_1_103' title='bbox 1402 1255 1434 1318; x_wconf 92' lang='lat' dir='ltr'><strong>in</strong></span> 
     </span>
     <span class='ocr_line' id='line_1_11' title="bbox 206 1354 1107 1442; baseline 0 -22"><span class='ocrx_word' id='word_1_104' title='bbox 206 1354 332 1420; x_wconf 89' lang='lat' dir='ltr'><strong>saeculo</strong></span> <span class='ocrx_word' id='word_1_105' title='bbox 355 1361 460 1420; x_wconf 89' lang='lat' dir='ltr'><strong>autem</strong></span> <span class='ocrx_word' id='word_1_106' title='bbox 483 1362 597 1421; x_wconf 66' lang='lat' dir='ltr'><strong>nature</strong></span> <span class='ocrx_word' id='word_1_107' title='bbox 621 1356 720 1422; x_wconf 90' lang='lat' dir='ltr'><strong>uitam</strong></span> <span class='ocrx_word' id='word_1_108' title='bbox 743 1364 903 1421; x_wconf 80' lang='lat' dir='ltr'><strong>aeternam</strong></span> <span class='ocrx_word' id='word_1_109' title='bbox 926 1355 1107 1442; x_wconf 81' lang='lat' dir='ltr'><strong>possidebit.</strong></span> 
     </span>
    </p>

    <p class='ocr_par' dir='ltr' id='par_1_3' title="bbox 204 1456 1439 3262">
     <span class='ocr_line' id='line_1_12' title="bbox 293 1456 1436 1544; baseline 0 -22"><span class='ocrx_word' id='word_1_110' title='bbox 293 1457 369 1523; x_wconf 87' lang='lat' dir='ltr'><strong>LX.</strong></span> <span class='ocrx_word' id='word_1_111' title='bbox 415 1456 442 1495; x_wconf 74' lang='lat'><strong>³¹</strong></span> <span class='ocrx_word' id='word_1_112' title='bbox 486 1459 677 1544; x_wconf 84' lang='lat' dir='ltr'><strong>Adsumpsit</strong></span> <span class='ocrx_word' id='word_1_113' title='bbox 709 1465 814 1524; x_wconf 83' lang='lat' dir='ltr'><strong>autem</strong></span> <span class='ocrx_word' id='word_1_114' title='bbox 843 1459 896 1522; x_wconf 76' lang='lat' dir='ltr'><strong>ihs</strong></span> <span class='ocrx_word' id='word_1_115' title='bbox 922 1459 1087 1526; x_wconf 90' lang='lat' dir='ltr'><strong>duodecim</strong></span> <span class='ocrx_word' id='word_1_116' title='bbox 1118 1458 1287 1544; x_wconf 87' lang='lat' dir='ltr'><strong>discipulos</strong></span> <span class='ocrx_word' id='word_1_117' title='bbox 1324 1466 1358 1524; x_wconf 92' lang='lat' dir='ltr'><strong>et</strong></span> <span class='ocrx_word' id='word_1_118' title='bbox 1391 1457 1436 1523; x_wconf 88' lang='lat' dir='ltr'><strong>ait</strong></span> 
     </span>
     <span class='ocr_line' id='line_1_13' title="bbox 204 1559 1437 1626; baseline 0.001 -3"><span class='ocrx_word' id='word_1_119' title='bbox 204 1559 271 1625; x_wconf 92' lang='lat' dir='ltr'><strong>illis</strong></span> <span class='ocrx_word' id='word_1_120' title='bbox 305 1583 377 1625; x_wconf 90' lang='lat' dir='ltr'><strong>ecce</strong></span> <span class='ocrx_word' id='word_1_121' title='bbox 410 1560 609 1626; x_wconf 79' lang='lat' dir='ltr'><strong>ascendimus</strong></span> <span class='ocrx_word' id='word_1_122' title='bbox 645 1559 878 1626; x_wconf 86' lang='lat' dir='ltr'><strong>hierosolimam</strong></span> <span class='ocrx_word' id='word_1_123' title='bbox 915 1569 948 1626; x_wconf 91' lang='lat' dir='ltr'><strong>et</strong></span> <span class='ocrx_word' id='word_1_124' title='bbox 987 1562 1289 1626; x_wconf 82' lang='lat' dir='ltr'><strong>consummabuntur</strong></span> <span class='ocrx_word' id='word_1_125' title='bbox 1330 1561 1437 1625; x_wconf 91' lang='lat' dir='ltr'><strong>omnia</strong></span> 
     </span>
     <span class='ocr_line' id='line_1_14' title="bbox 206 1662 1436 1750; baseline 0.001 -24"><span class='ocrx_word' id='word_1_126' title='bbox 206 1685 270 1746; x_wconf 87' lang='lat' dir='ltr'><strong>que</strong></span> <span class='ocrx_word' id='word_1_127' title='bbox 299 1662 415 1748; x_wconf 88' lang='lat' dir='ltr'><strong>scripta</strong></span> <span class='ocrx_word' id='word_1_128' title='bbox 444 1671 518 1729; x_wconf 91' lang='lat' dir='ltr'><strong>sunt</strong></span> <span class='ocrx_word' id='word_1_129' title='bbox 551 1687 607 1749; x_wconf 88' lang='lat' dir='ltr'><strong>per</strong></span> <span class='ocrx_word' id='word_1_130' title='bbox 639 1665 807 1750; x_wconf 89' lang='lat' dir='ltr'><strong>prophetas</strong></span> <span class='ocrx_word' id='word_1_131' title='bbox 841 1664 879 1728; x_wconf 88' lang='lat' dir='ltr'><strong>de</strong></span> <span class='ocrx_word' id='word_1_132' title='bbox 913 1663 979 1728; x_wconf 89' lang='lat' dir='ltr'><strong>filio</strong></span> <span class='ocrx_word' id='word_1_133' title='bbox 1014 1663 1159 1730; x_wconf 88' lang='lat' dir='ltr'><strong>hominis.</strong></span> <span class='ocrx_word' id='word_1_134' title='bbox 1207 1662 1234 1700; x_wconf 65' lang='lat'><strong>³2</strong></span> <span class='ocrx_word' id='word_1_135' title='bbox 1279 1664 1436 1729; x_wconf 77' lang='lat' dir='ltr'><strong>Tradetur</strong></span> 
     </span>
     <span class='ocr_line' id='line_1_15' title="bbox 206 1763 1435 1852; baseline -0.002 -21"><span class='ocrx_word' id='word_1_136' title='bbox 206 1765 292 1831; x_wconf 88' lang='lat' dir='ltr'><strong>enim</strong></span> <span class='ocrx_word' id='word_1_137' title='bbox 314 1764 460 1850; x_wconf 86' lang='lat' dir='ltr'><strong>gentibus</strong></span> <span class='ocrx_word' id='word_1_138' title='bbox 483 1772 515 1831; x_wconf 87' lang='lat' dir='ltr'><strong>et</strong></span> <span class='ocrx_word' id='word_1_139' title='bbox 536 1766 700 1831; x_wconf 91' lang='lat' dir='ltr'><strong>inludetur</strong></span> <span class='ocrx_word' id='word_1_140' title='bbox 722 1771 753 1831; x_wconf 87' lang='lat' dir='ltr'><strong>et</strong></span> <span class='ocrx_word' id='word_1_141' title='bbox 776 1773 917 1852; x_wconf 87' lang='lat' dir='ltr'><strong>expuent</strong></span> <span class='ocrx_word' id='word_1_142' title='bbox 938 1765 972 1829; x_wconf 93' lang='lat' dir='ltr'><strong>in</strong></span> <span class='ocrx_word' id='word_1_143' title='bbox 995 1789 1067 1830; x_wconf 88' lang='lat' dir='ltr'><strong>eum</strong></span> <span class='ocrx_word' id='word_1_144' title='bbox 1084 1771 1116 1831; x_wconf 89' lang='lat' dir='ltr'><strong>ot</strong></span> <span class='ocrx_word' id='word_1_145' title='bbox 1130 1766 1308 1850; x_wconf 86' lang='lat' dir='ltr'><strong>flagellatur</strong></span> <span class='ocrx_word' id='word_1_146' title='bbox 1320 1763 1347 1802; x_wconf 76' lang='lat'><strong>³³</strong></span> <span class='ocrx_word' id='word_1_147' title='bbox 1359 1765 1435 1830; x_wconf 90' lang='lat' dir='ltr'><strong>occi-</strong></span> 
     </span>
     <span class='ocr_line' id='line_1_16' title="bbox 205 1865 1438 1954; baseline -0.002 -22"><span class='ocrx_word' id='word_1_148' title='bbox 205 1867 283 1932; x_wconf 89' lang='lat' dir='ltr'><strong>dent</strong></span> <span class='ocrx_word' id='word_1_149' title='bbox 305 1866 395 1934; x_wconf 91' lang='lat' dir='ltr'><strong>illum</strong></span> <span class='ocrx_word' id='word_1_150' title='bbox 419 1875 452 1932; x_wconf 88' lang='lat' dir='ltr'><strong>et</strong></span> <span class='ocrx_word' id='word_1_151' title='bbox 473 1867 568 1933; x_wconf 88' lang='lat' dir='ltr'><strong>tertia</strong></span> <span class='ocrx_word' id='word_1_152' title='bbox 589 1867 641 1934; x_wconf 88' lang='lat' dir='ltr'><strong>die</strong></span> <span class='ocrx_word' id='word_1_153' title='bbox 663 1875 813 1952; x_wconf 84' lang='lat' dir='ltr'><strong>resurget.</strong></span> <span class='ocrx_word' id='word_1_154' title='bbox 862 1865 890 1905; x_wconf 78' lang='lat'><strong>³⁴</strong></span> <span class='ocrx_word' id='word_1_155' title='bbox 934 1870 978 1933; x_wconf 84' lang='grc' dir='ltr'><strong>Εῖ</strong></span> <span class='ocrx_word' id='word_1_156' title='bbox 999 1867 1061 1954; x_wconf 87' lang='lat' dir='ltr'><strong>ipsi</strong></span> <span class='ocrx_word' id='word_1_157' title='bbox 1087 1867 1169 1932; x_wconf 92' lang='lat' dir='ltr'><strong>nihil</strong></span> <span class='ocrx_word' id='word_1_158' title='bbox 1202 1869 1315 1934; x_wconf 87' lang='lat' dir='ltr'><strong>horum</strong></span> <span class='ocrx_word' id='word_1_159' title='bbox 1347 1867 1438 1933; x_wconf 87' lang='lat' dir='ltr'><strong>intel-</strong></span> 
     </span>
     <span class='ocr_line' id='line_1_17' title="bbox 206 1969 1436 2056; baseline 0 -23"><span class='ocrx_word' id='word_1_160' title='bbox 206 1969 354 2035; x_wconf 85' lang='lat' dir='ltr'><strong>lexerunt</strong></span> <span class='ocrx_word' id='word_1_161' title='bbox 377 1977 408 2035; x_wconf 92' lang='lat' dir='ltr'><strong>et</strong></span> <span class='ocrx_word' id='word_1_162' title='bbox 430 1975 498 2035; x_wconf 88' lang='lat' dir='ltr'><strong>erat</strong></span> <span class='ocrx_word' id='word_1_163' title='bbox 519 1971 652 2036; x_wconf 89' lang='lat' dir='ltr'><strong>uerbum</strong></span> <span class='ocrx_word' id='word_1_164' title='bbox 676 1970 895 2036; x_wconf 87' lang='lat' dir='ltr'><strong>absconditum</strong></span> <span class='ocrx_word' id='word_1_165' title='bbox 918 1972 957 2035; x_wconf 92' lang='lat' dir='ltr'><strong>ab</strong></span> <span class='ocrx_word' id='word_1_166' title='bbox 986 1970 1032 2035; x_wconf 88' lang='lat' dir='ltr'><strong>eis</strong></span> <span class='ocrx_word' id='word_1_167' title='bbox 1063 1994 1102 2035; x_wconf 89' lang='lat' dir='ltr'><strong>ex</strong></span> <span class='ocrx_word' id='word_1_168' title='bbox 1134 1969 1185 2035; x_wconf 89' lang='lat' dir='ltr'><strong>his</strong></span> <span class='ocrx_word' id='word_1_169' title='bbox 1219 1993 1281 2056; x_wconf 85' lang='lat' dir='ltr'><strong>que</strong></span> <span class='ocrx_word' id='word_1_170' title='bbox 1304 1971 1436 2035; x_wconf 88' lang='lat' dir='ltr'><strong>dicebat.</strong></span> 
     </span>
     <span class='ocr_line' id='line_1_18' title="bbox 207 2070 1437 2159; baseline 0.001 -24"><span class='ocrx_word' id='word_1_171' title='bbox 207 2070 235 2110; x_wconf 74' lang='lat'><strong>⁵⁵</strong></span> <span class='ocrx_word' id='word_1_172' title='bbox 278 2071 415 2136; x_wconf 84' lang='lat' dir='ltr'><strong>Factum</strong></span> <span class='ocrx_word' id='word_1_173' title='bbox 437 2080 485 2137; x_wconf 92' lang='lat' dir='ltr'><strong>est</strong></span> <span class='ocrx_word' id='word_1_174' title='bbox 507 2077 612 2137; x_wconf 89' lang='lat' dir='ltr'><strong>autern</strong></span> <span class='ocrx_word' id='word_1_175' title='bbox 636 2073 710 2137; x_wconf 93' lang='lat' dir='ltr'><strong>dum</strong></span> <span class='ocrx_word' id='word_1_176' title='bbox 738 2073 939 2159; x_wconf 87' lang='lat' dir='ltr'><strong>appropiaret</strong></span> <span class='ocrx_word' id='word_1_177' title='bbox 972 2072 1113 2138; x_wconf 90' lang='lat' dir='ltr'><strong>hiericho</strong></span> <span class='ocrx_word' id='word_1_178' title='bbox 1147 2078 1179 2138; x_wconf 88' lang='lat' dir='ltr'><strong>et</strong></span> <span class='ocrx_word' id='word_1_179' title='bbox 1211 2096 1294 2137; x_wconf 90' lang='lat' dir='ltr'><strong>unus</strong></span> <span class='ocrx_word' id='word_1_180' title='bbox 1327 2095 1437 2138; x_wconf 88' lang='lat' dir='ltr'><strong>caecus</strong></span> 
     </span>
     <span class='ocr_line' id='line_1_19' title="bbox 205 2173 1438 2261; baseline -0.001 -22"><span class='ocrx_word' id='word_1_181' title='bbox 205 2175 335 2240; x_wconf 88' lang='lat' dir='ltr'><strong>sedebat</strong></span> <span class='ocrx_word' id='word_1_182' title='bbox 358 2195 447 2239; x_wconf 90' lang='lat' dir='ltr'><strong>secus</strong></span> <span class='ocrx_word' id='word_1_183' title='bbox 469 2173 556 2239; x_wconf 91' lang='lat' dir='ltr'><strong>uiam</strong></span> <span class='ocrx_word' id='word_1_184' title='bbox 580 2174 771 2240; x_wconf 90' lang='lat' dir='ltr'><strong>mendicans.</strong></span> <span class='ocrx_word' id='word_1_185' title='bbox 786 2173 813 2211; x_wconf 80' lang='lat'><strong>³⁶</strong></span> <span class='ocrx_word' id='word_1_186' title='bbox 826 2186 857 2240; x_wconf 91' lang='lat' dir='ltr'><strong>et</strong></span> <span class='ocrx_word' id='word_1_187' title='bbox 880 2198 951 2240; x_wconf 91' lang='lat' dir='ltr'><strong>cum</strong></span> <span class='ocrx_word' id='word_1_188' title='bbox 974 2175 1098 2240; x_wconf 90' lang='lat' dir='ltr'><strong>audiret</strong></span> <span class='ocrx_word' id='word_1_189' title='bbox 1117 2177 1242 2240; x_wconf 90' lang='lat' dir='ltr'><strong>turbam</strong></span> <span class='ocrx_word' id='word_1_190' title='bbox 1258 2182 1438 2261; x_wconf 83' lang='lat' dir='ltr'><strong>pretereun-</strong></span> 
     </span>
     <span class='ocr_line' id='line_1_20' title="bbox 207 2275 1438 2362; baseline -0.002 -20"><span class='ocrx_word' id='word_1_191' title='bbox 207 2283 272 2342; x_wconf 86' lang='lat' dir='ltr'><strong>tem</strong></span> <span class='ocrx_word' id='word_1_192' title='bbox 295 2276 508 2361; x_wconf 84' lang='lat' dir='ltr'><strong>interrogabat</strong></span> <span class='ocrx_word' id='word_1_193' title='bbox 531 2276 608 2362; x_wconf 90' lang='lat' dir='ltr'><strong>quid</strong></span> <span class='ocrx_word' id='word_1_194' title='bbox 630 2279 690 2342; x_wconf 90' lang='lat' dir='ltr'><strong>hoc</strong></span> <span class='ocrx_word' id='word_1_195' title='bbox 712 2285 803 2343; x_wconf 89' lang='lat' dir='ltr'><strong>esset.</strong></span> <span class='ocrx_word' id='word_1_196' title='bbox 849 2275 877 2315; x_wconf 77' lang='lat'><strong>³⁷</strong></span> <span class='ocrx_word' id='word_1_197' title='bbox 925 2275 1085 2342; x_wconf 88' lang='lat' dir='ltr'><strong>Dixerunt</strong></span> <span class='ocrx_word' id='word_1_198' title='bbox 1107 2283 1213 2342; x_wconf 90' lang='lat' dir='ltr'><strong>autem</strong></span> <span class='ocrx_word' id='word_1_199' title='bbox 1235 2277 1266 2340; x_wconf 86' lang='lat' dir='ltr'><strong>ei</strong></span> <span class='ocrx_word' id='word_1_200' title='bbox 1289 2276 1371 2360; x_wconf 91' lang='lat' dir='ltr'><strong>quod</strong></span> <span class='ocrx_word' id='word_1_201' title='bbox 1386 2276 1438 2340; x_wconf 78' lang='lat' dir='ltr'><strong>ihs</strong></span> 
     </span>
     <span class='ocr_line' id='line_1_21' title="bbox 207 2377 1439 2446; baseline 0.001 -4"><span class='ocrx_word' id='word_1_202' title='bbox 207 2401 359 2444; x_wconf 83' lang='lat' dir='ltr'><strong>nazoreus</strong></span> <span class='ocrx_word' id='word_1_203' title='bbox 393 2379 515 2444; x_wconf 86' lang='lat' dir='ltr'><strong>transit.</strong></span> <span class='ocrx_word' id='word_1_204' title='bbox 562 2377 588 2416; x_wconf 79' lang='lat'><strong>³⁸</strong></span> <span class='ocrx_word' id='word_1_205' title='bbox 632 2380 677 2446; x_wconf 81' lang='lat' dir='ltr'><strong>Et</strong></span> <span class='ocrx_word' id='word_1_206' title='bbox 710 2379 902 2445; x_wconf 89' lang='lat' dir='ltr'><strong>exclamauit</strong></span> <span class='ocrx_word' id='word_1_207' title='bbox 925 2379 1031 2444; x_wconf 87' lang='lat' dir='ltr'><strong>dicens</strong></span> <span class='ocrx_word' id='word_1_208' title='bbox 1055 2378 1111 2443; x_wconf 80' lang='lat' dir='ltr'><strong>ihl&#39;l</strong></span> <span class='ocrx_word' id='word_1_209' title='bbox 1140 2379 1187 2443; x_wconf 90' lang='lat' dir='ltr'><strong>fili</strong></span> <span class='ocrx_word' id='word_1_210' title='bbox 1220 2378 1315 2442; x_wconf 87' lang='lat' dir='ltr'><strong>dauid</strong></span> <span class='ocrx_word' id='word_1_211' title='bbox 1348 2379 1439 2444; x_wconf 91' lang='lat' dir='ltr'><strong>mise-</strong></span> 
     </span>
     <span class='ocr_line' id='line_1_22' title="bbox 207 2479 1438 2568; baseline 0.002 -24"><span class='ocrx_word' id='word_1_212' title='bbox 207 2503 275 2546; x_wconf 86' lang='lat' dir='ltr'><strong>rere</strong></span> <span class='ocrx_word' id='word_1_213' title='bbox 298 2480 370 2545; x_wconf 91' lang='lat' dir='ltr'><strong>mei.</strong></span> <span class='ocrx_word' id='word_1_214' title='bbox 384 2479 455 2546; x_wconf 75' lang='lat' dir='ltr'><strong>3⁹et</strong></span> <span class='ocrx_word' id='word_1_215' title='bbox 476 2481 531 2567; x_wconf 94' lang='lat' dir='ltr'><strong>qui</strong></span> <span class='ocrx_word' id='word_1_216' title='bbox 552 2482 699 2568; x_wconf 89' lang='lat' dir='ltr'><strong>preibant</strong></span> <span class='ocrx_word' id='word_1_217' title='bbox 720 2482 925 2567; x_wconf 79' lang='lat' dir='ltr'><strong>increpabant</strong></span> <span class='ocrx_word' id='word_1_218' title='bbox 947 2505 1020 2546; x_wconf 92' lang='lat' dir='ltr'><strong>eum</strong></span> <span class='ocrx_word' id='word_1_219' title='bbox 1043 2490 1080 2546; x_wconf 93' lang='lat' dir='ltr'><strong>ut</strong></span> <span class='ocrx_word' id='word_1_220' title='bbox 1101 2487 1229 2546; x_wconf 87' lang='lat' dir='ltr'><strong>taceret.</strong></span> <span class='ocrx_word' id='word_1_221' title='bbox 1273 2483 1347 2566; x_wconf 88' lang='lat' dir='ltr'><strong>Ipse</strong></span> <span class='ocrx_word' id='word_1_222' title='bbox 1362 2504 1438 2546; x_wconf 87' lang='lat' dir='ltr'><strong>uero</strong></span> 
     </span>
     <span class='ocr_line' id='line_1_23' title="bbox 207 2573 1437 2668; baseline 0.001 -22"><span class='ocrx_word' id='word_1_223' title='bbox 207 2573 308 2648; x_wconf 84' lang='lat' dir='ltr'><strong>multo</strong></span> <span class='ocrx_word' id='word_1_224' title='bbox 331 2584 431 2668; x_wconf 85' lang='lat' dir='ltr'><strong>magis</strong></span> <span class='ocrx_word' id='word_1_225' title='bbox 455 2585 611 2650; x_wconf 89' lang='lat' dir='ltr'><strong>clamabat</strong></span> <span class='ocrx_word' id='word_1_226' title='bbox 632 2584 678 2648; x_wconf 90' lang='lat' dir='ltr'><strong>fili</strong></span> <span class='ocrx_word' id='word_1_227' title='bbox 706 2584 801 2648; x_wconf 90' lang='lat' dir='ltr'><strong>dauid</strong></span> <span class='ocrx_word' id='word_1_228' title='bbox 828 2583 978 2650; x_wconf 85' lang='lat' dir='ltr'><strong>miserere</strong></span> <span class='ocrx_word' id='word_1_229' title='bbox 1013 2584 1085 2648; x_wconf 90' lang='lat' dir='ltr'><strong>mei.</strong></span> <span class='ocrx_word' id='word_1_230' title='bbox 1131 2582 1160 2621; x_wconf 81' lang='lat'><strong>⁴⁰</strong></span> <span class='ocrx_word' id='word_1_231' title='bbox 1203 2583 1298 2650; x_wconf 85' lang='lat' dir='ltr'><strong>Stans</strong></span> <span class='ocrx_word' id='word_1_232' title='bbox 1331 2590 1437 2648; x_wconf 87' lang='lat' dir='ltr'><strong>autem</strong></span> 
     </span>
     <span class='ocr_line' id='line_1_24' title="bbox 208 2683 1436 2772; baseline 0.002 -24"><span class='ocrx_word' id='word_1_233' title='bbox 208 2685 259 2748; x_wconf 80' lang='lat' dir='ltr'><strong>ihs</strong></span> <span class='ocrx_word' id='word_1_234' title='bbox 282 2685 375 2751; x_wconf 89' lang='lat' dir='ltr'><strong>iussit</strong></span> <span class='ocrx_word' id='word_1_235' title='bbox 396 2685 486 2750; x_wconf 93' lang='lat' dir='ltr'><strong>illum</strong></span> <span class='ocrx_word' id='word_1_236' title='bbox 510 2686 623 2752; x_wconf 89' lang='lat' dir='ltr'><strong>adduci</strong></span> <span class='ocrx_word' id='word_1_237' title='bbox 650 2693 682 2752; x_wconf 89' lang='lat' dir='ltr'><strong>et</strong></span> <span class='ocrx_word' id='word_1_238' title='bbox 711 2709 783 2752; x_wconf 89' lang='lat' dir='ltr'><strong>cum</strong></span> <span class='ocrx_word' id='word_1_239' title='bbox 817 2687 1034 2772; x_wconf 89' lang='lat' dir='ltr'><strong>appropiasset</strong></span> <span class='ocrx_word' id='word_1_240' title='bbox 1065 2685 1274 2770; x_wconf 87' lang='lat' dir='ltr'><strong>interrogauit</strong></span> <span class='ocrx_word' id='word_1_241' title='bbox 1306 2683 1436 2750; x_wconf 81' lang='lat' dir='ltr'><strong>illum⁴¹</strong></span> 
     </span>
     <span class='ocr_line' id='line_1_25' title="bbox 205 2776 1438 2872; baseline 0.001 -21"><span class='ocrx_word' id='word_1_242' title='bbox 205 2787 315 2853; x_wconf 85' lang='lat' dir='ltr'><strong>dicens</strong></span> <span class='ocrx_word' id='word_1_243' title='bbox 338 2788 414 2872; x_wconf 87' lang='lat' dir='ltr'><strong>quid</strong></span> <span class='ocrx_word' id='word_1_244' title='bbox 436 2788 495 2854; x_wconf 86' lang='lat' dir='ltr'><strong>tibi</strong></span> <span class='ocrx_word' id='word_1_245' title='bbox 517 2789 567 2854; x_wconf 90' lang='lat' dir='ltr'><strong>uis</strong></span> <span class='ocrx_word' id='word_1_246' title='bbox 589 2788 712 2854; x_wconf 84' lang='lat' dir='ltr'><strong>faciam.</strong></span> <span class='ocrx_word' id='word_1_247' title='bbox 758 2789 812 2854; x_wconf 84' lang='lat' dir='ltr'><strong>Ad</strong></span> <span class='ocrx_word' id='word_1_248' title='bbox 835 2788 994 2854; x_wconf 89' lang='lat' dir='ltr'><strong>illedixit</strong></span> <span class='ocrx_word' id='word_1_249' title='bbox 1017 2795 1053 2853; x_wconf 91' lang='lat' dir='ltr'><strong>ut</strong></span> <span class='ocrx_word' id='word_1_250' title='bbox 1073 2788 1200 2854; x_wconf 88' lang='lat' dir='ltr'><strong>uideam</strong></span> <span class='ocrx_word' id='word_1_251' title='bbox 1225 2789 1305 2853; x_wconf 76' lang='lat' dir='ltr'><strong>dffle.</strong></span> <span class='ocrx_word' id='word_1_252' title='bbox 1339 2776 1368 2825; x_wconf 72' lang='lat'><strong>⁷⁴²</strong></span> <span class='ocrx_word' id='word_1_253' title='bbox 1394 2789 1438 2853; x_wconf 81' lang='lat' dir='ltr'><strong>Et</strong></span> 
     </span>
     <span class='ocr_line' id='line_1_26' title="bbox 207 2889 1438 2978; baseline 0.002 -24"><span class='ocrx_word' id='word_1_254' title='bbox 207 2891 399 2977; x_wconf 88' lang='lat' dir='ltr'><strong>respondens</strong></span> <span class='ocrx_word' id='word_1_255' title='bbox 422 2890 503 2957; x_wconf 88' lang='lat' dir='ltr'><strong>dixit</strong></span> <span class='ocrx_word' id='word_1_256' title='bbox 526 2891 573 2957; x_wconf 93' lang='lat' dir='ltr'><strong>illi</strong></span> <span class='ocrx_word' id='word_1_257' title='bbox 596 2891 648 2957; x_wconf 84' lang='lat' dir='ltr'><strong>ihs</strong></span> <span class='ocrx_word' id='word_1_258' title='bbox 670 2891 791 2978; x_wconf 79' lang='lat' dir='ltr'><strong>respice</strong></span> <span class='ocrx_word' id='word_1_259' title='bbox 813 2892 890 2957; x_wconf 89' lang='lat' dir='ltr'><strong>fides</strong></span> <span class='ocrx_word' id='word_1_260' title='bbox 912 2900 967 2957; x_wconf 89' lang='lat' dir='ltr'><strong>tua</strong></span> <span class='ocrx_word' id='word_1_261' title='bbox 991 2896 1023 2956; x_wconf 88' lang='lat' dir='ltr'><strong>te</strong></span> <span class='ocrx_word' id='word_1_262' title='bbox 1046 2891 1169 2956; x_wconf 87' lang='lat' dir='ltr'><strong>saluum</strong></span> <span class='ocrx_word' id='word_1_263' title='bbox 1193 2891 1277 2956; x_wconf 85' lang='lat' dir='ltr'><strong>fecit.</strong></span> <span class='ocrx_word' id='word_1_264' title='bbox 1322 2889 1350 2927; x_wconf 76' lang='lat'><strong>⁴³</strong></span> <span class='ocrx_word' id='word_1_265' title='bbox 1394 2892 1438 2956; x_wconf 83' lang='lat' dir='ltr'><strong>Et</strong></span> 
     </span>
     <span class='ocr_line' id='line_1_27' title="bbox 207 2991 1437 3080; baseline -0.002 -20"><span class='ocrx_word' id='word_1_266' title='bbox 207 2991 373 3060; x_wconf 79' lang='lat' dir='ltr'><strong>confestim</strong></span> <span class='ocrx_word' id='word_1_267' title='bbox 397 2993 478 3059; x_wconf 92' lang='lat' dir='ltr'><strong>uidit</strong></span> <span class='ocrx_word' id='word_1_268' title='bbox 500 3001 532 3058; x_wconf 90' lang='lat' dir='ltr'><strong>et</strong></span> <span class='ocrx_word' id='word_1_269' title='bbox 554 2995 744 3080; x_wconf 89' lang='lat' dir='ltr'><strong>sequebatur</strong></span> <span class='ocrx_word' id='word_1_270' title='bbox 766 3017 839 3059; x_wconf 89' lang='lat' dir='ltr'><strong>cum</strong></span> <span class='ocrx_word' id='word_1_271' title='bbox 863 2993 1067 3079; x_wconf 85' lang='lat' dir='ltr'><strong>magnificans</strong></span> <span class='ocrx_word' id='word_1_272' title='bbox 1090 2993 1153 3058; x_wconf 71' lang='lat' dir='ltr'><strong>dm.</strong></span> <span class='ocrx_word' id='word_1_273' title='bbox 1177 3004 1209 3058; x_wconf 87' lang='lat' dir='ltr'><strong>et</strong></span> <span class='ocrx_word' id='word_1_274' title='bbox 1231 2993 1334 3058; x_wconf 91' lang='lat' dir='ltr'><strong>omnis</strong></span> <span class='ocrx_word' id='word_1_275' title='bbox 1348 2994 1437 3078; x_wconf 90' lang='lat' dir='ltr'><strong>plebs</strong></span> 
     </span>
     <span class='ocr_line' id='line_1_28' title="bbox 207 3095 1436 3181; baseline 0 -23"><span class='ocrx_word' id='word_1_276' title='bbox 207 3102 244 3160; x_wconf 89' lang='lat' dir='ltr'><strong>ut</strong></span> <span class='ocrx_word' id='word_1_277' title='bbox 266 3095 349 3160; x_wconf 89' lang='lat' dir='ltr'><strong>uidit</strong></span> <span class='ocrx_word' id='word_1_278' title='bbox 371 3095 459 3162; x_wconf 89' lang='lat' dir='ltr'><strong>dedit</strong></span> <span class='ocrx_word' id='word_1_279' title='bbox 481 3096 520 3160; x_wconf 77' lang='lat' dir='ltr'><strong>dd</strong></span> <span class='ocrx_word' id='word_1_280' title='bbox 543 3096 677 3162; x_wconf 90' lang='lat' dir='ltr'><strong>laudem.</strong></span> <span class='ocrx_word' id='word_1_281' title='bbox 725 3103 763 3172; x_wconf 87' lang='lat' dir='ltr'><strong>(c.</strong></span> <span class='ocrx_word' id='word_1_282' title='bbox 792 3098 844 3170; x_wconf 85' lang='lat'><strong>19)</strong></span> <span class='ocrx_word' id='word_1_283' title='bbox 891 3095 903 3130; x_wconf 85' lang='lat'>¹</span> <span class='ocrx_word' id='word_1_284' title='bbox 946 3096 991 3160; x_wconf 80' lang='lat' dir='ltr'><strong>Et</strong></span> <span class='ocrx_word' id='word_1_285' title='bbox 1013 3095 1172 3180; x_wconf 86' lang='lat' dir='ltr'><strong>ingressus</strong></span> <span class='ocrx_word' id='word_1_286' title='bbox 1198 3095 1436 3181; x_wconf 88' lang='lat' dir='ltr'><strong>perambulabat</strong></span> 
     </span>
     <span class='ocr_line' id='line_1_29' title="bbox 208 3197 359 3262; baseline -0.007 -2"><span class='ocrx_word' id='word_1_287' title='bbox 208 3197 359 3262; x_wconf 89' lang='lat' dir='ltr'><strong>hiericho.</strong></span> 
     </span>
    </p>

    <p class='ocr_par' dir='ltr' id='par_1_4' title="bbox 206 3299 1441 4715">
     <span class='ocr_line' id='line_1_30' title="bbox 292 3299 1435 3385; baseline -0.001 -20"><span class='ocrx_word' id='word_1_288' title='bbox 292 3301 388 3366; x_wconf 88' lang='lat' dir='ltr'>LXI.</span> <span class='ocrx_word' id='word_1_289' title='bbox 435 3300 446 3338; x_wconf 74' lang='lat'>²</span> <span class='ocrx_word' id='word_1_290' title='bbox 490 3299 536 3366; x_wconf 83' lang='lat' dir='ltr'><strong>Et</strong></span> <span class='ocrx_word' id='word_1_291' title='bbox 558 3324 629 3367; x_wconf 86' lang='lat' dir='ltr'><strong>ecce</strong></span> <span class='ocrx_word' id='word_1_292' title='bbox 651 3301 702 3366; x_wconf 91' lang='lat' dir='ltr'><strong>uir</strong></span> <span class='ocrx_word' id='word_1_293' title='bbox 724 3301 853 3366; x_wconf 91' lang='lat' dir='ltr'><strong>nomine</strong></span> <span class='ocrx_word' id='word_1_294' title='bbox 876 3303 1058 3366; x_wconf 84' lang='lat' dir='ltr'><strong>zaechaeus.</strong></span> <span class='ocrx_word' id='word_1_295' title='bbox 1104 3301 1148 3364; x_wconf 83' lang='lat' dir='ltr'><strong>Et</strong></span> <span class='ocrx_word' id='word_1_296' title='bbox 1170 3299 1222 3364; x_wconf 91' lang='lat' dir='ltr'><strong>hic</strong></span> <span class='ocrx_word' id='word_1_297' title='bbox 1250 3311 1317 3365; x_wconf 87' lang='lat' dir='ltr'><strong>erat</strong></span> <span class='ocrx_word' id='word_1_298' title='bbox 1350 3300 1435 3385; x_wconf 89' lang='lat' dir='ltr'><strong>prin-</strong></span> 
     </span>
     <span class='ocr_line' id='line_1_31' title="bbox 207 3401 1437 3490; baseline 0 -23"><span class='ocrx_word' id='word_1_299' title='bbox 207 3424 281 3486; x_wconf 88' lang='lat' dir='ltr'><strong>ceps</strong></span> <span class='ocrx_word' id='word_1_300' title='bbox 303 3402 543 3488; x_wconf 79' lang='lat' dir='ltr'><strong>publicanorum</strong></span> <span class='ocrx_word' id='word_1_301' title='bbox 566 3410 597 3470; x_wconf 90' lang='lat' dir='ltr'><strong>et</strong></span> <span class='ocrx_word' id='word_1_302' title='bbox 619 3403 686 3490; x_wconf 90' lang='lat' dir='ltr'><strong>ipse</strong></span> <span class='ocrx_word' id='word_1_303' title='bbox 708 3404 798 3469; x_wconf 88' lang='lat' dir='ltr'><strong>diues</strong></span> <span class='ocrx_word' id='word_1_304' title='bbox 821 3402 957 3470; x_wconf 79' lang='lat' dir='ltr'><strong>erat³et</strong></span> <span class='ocrx_word' id='word_1_305' title='bbox 978 3403 1131 3489; x_wconf 88' lang='lat' dir='ltr'><strong>querebat</strong></span> <span class='ocrx_word' id='word_1_306' title='bbox 1152 3401 1218 3466; x_wconf 69' lang='lat' dir='ltr'><strong>ihsn</strong></span> <span class='ocrx_word' id='word_1_307' title='bbox 1234 3402 1343 3468; x_wconf 83' lang='lat' dir='ltr'><strong>uidere</strong></span> <span class='ocrx_word' id='word_1_308' title='bbox 1365 3403 1437 3488; x_wconf 92' lang='lat' dir='ltr'><strong>quis</strong></span> 
     </span>
     <span class='ocr_line' id='line_1_32' title="bbox 208 3503 1437 3592; baseline 0 -24"><span class='ocrx_word' id='word_1_309' title='bbox 208 3511 290 3569; x_wconf 89' lang='lat' dir='ltr'><strong>esset</strong></span> <span class='ocrx_word' id='word_1_310' title='bbox 312 3512 345 3570; x_wconf 94' lang='lat' dir='ltr'><strong>et</strong></span> <span class='ocrx_word' id='word_1_311' title='bbox 365 3529 429 3571; x_wconf 92' lang='lat' dir='ltr'><strong>non</strong></span> <span class='ocrx_word' id='word_1_312' title='bbox 451 3512 574 3592; x_wconf 88' lang='lat' dir='ltr'><strong>poterat</strong></span> <span class='ocrx_word' id='word_1_313' title='bbox 595 3530 651 3592; x_wconf 89' lang='lat' dir='ltr'><strong>pre</strong></span> <span class='ocrx_word' id='word_1_314' title='bbox 673 3507 764 3571; x_wconf 87' lang='lat' dir='ltr'><strong>turba</strong></span> <span class='ocrx_word' id='word_1_315' title='bbox 788 3506 863 3590; x_wconf 92' lang='lat' dir='ltr'><strong>quia</strong></span> <span class='ocrx_word' id='word_1_316' title='bbox 885 3511 1003 3571; x_wconf 90' lang='lat' dir='ltr'><strong>statura</strong></span> <span class='ocrx_word' id='word_1_317' title='bbox 1026 3505 1161 3591; x_wconf 88' lang='lat' dir='ltr'><strong>pusillus</strong></span> <span class='ocrx_word' id='word_1_318' title='bbox 1188 3513 1268 3570; x_wconf 87' lang='lat' dir='ltr'><strong>erat.</strong></span> <span class='ocrx_word' id='word_1_319' title='bbox 1281 3503 1295 3541; x_wconf 79' lang='lat'><strong>⁴</strong></span> <span class='ocrx_word' id='word_1_320' title='bbox 1308 3509 1339 3569; x_wconf 90' lang='lat' dir='ltr'><strong>et</strong></span> <span class='ocrx_word' id='word_1_321' title='bbox 1368 3527 1437 3590; x_wconf 87' lang='lat' dir='ltr'><strong>pre-</strong></span> 
     </span>
     <span class='ocr_line' id='line_1_33' title="bbox 208 3605 1437 3692; baseline 0 -22"><span class='ocrx_word' id='word_1_322' title='bbox 208 3629 338 3672; x_wconf 87' lang='lat' dir='ltr'><strong>currens</strong></span> <span class='ocrx_word' id='word_1_323' title='bbox 361 3607 482 3673; x_wconf 72' lang='lat' dir='ltr'><strong>accedit</strong></span> <span class='ocrx_word' id='word_1_324' title='bbox 508 3609 541 3672; x_wconf 92' lang='lat' dir='ltr'><strong>in</strong></span> <span class='ocrx_word' id='word_1_325' title='bbox 575 3609 715 3674; x_wconf 87' lang='lat' dir='ltr'><strong>arborem</strong></span> <span class='ocrx_word' id='word_1_326' title='bbox 750 3631 948 3692; x_wconf 85' lang='lat' dir='ltr'><strong>sycomorum</strong></span> <span class='ocrx_word' id='word_1_327' title='bbox 982 3616 1019 3673; x_wconf 88' lang='lat' dir='ltr'><strong>ut</strong></span> <span class='ocrx_word' id='word_1_328' title='bbox 1052 3607 1175 3672; x_wconf 85' lang='lat' dir='ltr'><strong>uideret</strong></span> <span class='ocrx_word' id='word_1_329' title='bbox 1208 3607 1305 3671; x_wconf 92' lang='lat' dir='ltr'><strong>illum.</strong></span> <span class='ocrx_word' id='word_1_330' title='bbox 1352 3605 1437 3690; x_wconf 77' lang='lat' dir='ltr'><strong>Quia</strong></span> 
     </span>
     <span class='ocr_line' id='line_1_34' title="bbox 208 3707 1439 3795; baseline 0 -23"><span class='ocrx_word' id='word_1_331' title='bbox 208 3708 262 3773; x_wconf 90' lang='lat' dir='ltr'><strong>illa</strong></span> <span class='ocrx_word' id='word_1_332' title='bbox 293 3721 382 3795; x_wconf 90' lang='lat' dir='ltr'><strong>parte</strong></span> <span class='ocrx_word' id='word_1_333' title='bbox 416 3719 484 3776; x_wconf 88' lang='lat' dir='ltr'><strong>erat</strong></span> <span class='ocrx_word' id='word_1_334' title='bbox 516 3710 715 3776; x_wconf 88' lang='lat' dir='ltr'><strong>transiturus.</strong></span> <span class='ocrx_word' id='word_1_335' title='bbox 762 3709 774 3748; x_wconf 85' lang='lat'>⁵</span> <span class='ocrx_word' id='word_1_336' title='bbox 817 3711 862 3776; x_wconf 80' lang='lat' dir='ltr'><strong>Et</strong></span> <span class='ocrx_word' id='word_1_337' title='bbox 896 3709 1014 3774; x_wconf 90' lang='lat' dir='ltr'><strong>factum</strong></span> <span class='ocrx_word' id='word_1_338' title='bbox 1051 3718 1099 3774; x_wconf 88' lang='lat' dir='ltr'><strong>est</strong></span> <span class='ocrx_word' id='word_1_339' title='bbox 1131 3709 1206 3774; x_wconf 91' lang='lat' dir='ltr'><strong>dnm</strong></span> <span class='ocrx_word' id='word_1_340' title='bbox 1240 3707 1355 3773; x_wconf 88' lang='lat' dir='ltr'><strong>transit</strong></span> <span class='ocrx_word' id='word_1_341' title='bbox 1385 3708 1439 3773; x_wconf 83' lang='lat' dir='ltr'><strong>ihs</strong></span> 
     </span>
     <span class='ocr_line' id='line_1_35' title="bbox 208 3810 1437 3898; baseline 0.001 -24"><span class='ocrx_word' id='word_1_342' title='bbox 208 3811 290 3877; x_wconf 91' lang='lat' dir='ltr'><strong>uidit</strong></span> <span class='ocrx_word' id='word_1_343' title='bbox 322 3812 413 3877; x_wconf 90' lang='lat' dir='ltr'><strong>illum</strong></span> <span class='ocrx_word' id='word_1_344' title='bbox 445 3815 593 3894; x_wconf 86' lang='lat' dir='ltr'><strong>su(r)sum</strong></span> <span class='ocrx_word' id='word_1_345' title='bbox 616 3811 771 3898; x_wconf 86' lang='lat' dir='ltr'><strong>aspiciens</strong></span> <span class='ocrx_word' id='word_1_346' title='bbox 794 3818 826 3878; x_wconf 91' lang='lat' dir='ltr'><strong>et</strong></span> <span class='ocrx_word' id='word_1_347' title='bbox 847 3811 931 3877; x_wconf 88' lang='lat' dir='ltr'><strong>dixit</strong></span> <span class='ocrx_word' id='word_1_348' title='bbox 953 3810 994 3876; x_wconf 92' lang='lat' dir='ltr'><strong>ad</strong></span> <span class='ocrx_word' id='word_1_349' title='bbox 1017 3834 1091 3876; x_wconf 92' lang='lat' dir='ltr'><strong>eum</strong></span> <span class='ocrx_word' id='word_1_350' title='bbox 1120 3813 1254 3876; x_wconf 84' lang='lat' dir='ltr'><strong>zachaee</strong></span> <span class='ocrx_word' id='word_1_351' title='bbox 1284 3810 1437 3876; x_wconf 78' lang='lat' dir='ltr'><strong>festinans</strong></span> 
     </span>
     <span class='ocr_line' id='line_1_36' title="bbox 207 3912 1437 4001; baseline -0.002 -22"><span class='ocrx_word' id='word_1_352' title='bbox 207 3914 361 3980; x_wconf 87' lang='lat' dir='ltr'><strong>descende</strong></span> <span class='ocrx_word' id='word_1_353' title='bbox 384 3917 459 4000; x_wconf 92' lang='lat' dir='ltr'><strong>quia</strong></span> <span class='ocrx_word' id='word_1_354' title='bbox 480 3915 514 3979; x_wconf 90' lang='lat' dir='ltr'><strong>in</strong></span> <span class='ocrx_word' id='word_1_355' title='bbox 536 3915 628 3980; x_wconf 90' lang='lat' dir='ltr'><strong>domo</strong></span> <span class='ocrx_word' id='word_1_356' title='bbox 651 3922 706 3979; x_wconf 93' lang='lat' dir='ltr'><strong>tua</strong></span> <span class='ocrx_word' id='word_1_357' title='bbox 728 3920 850 4001; x_wconf 88' lang='lat' dir='ltr'><strong>oportet</strong></span> <span class='ocrx_word' id='word_1_358' title='bbox 872 3938 923 3979; x_wconf 93' lang='lat' dir='ltr'><strong>me</strong></span> <span class='ocrx_word' id='word_1_359' title='bbox 953 3937 1081 3978; x_wconf 89' lang='lat' dir='ltr'><strong>manere</strong></span> <span class='ocrx_word' id='word_1_360' title='bbox 1108 3912 1212 3978; x_wconf 91' lang='lat' dir='ltr'><strong>hodie.</strong></span> <span class='ocrx_word' id='word_1_361' title='bbox 1258 3912 1270 3950; x_wconf 75' lang='lat'><strong>⁶</strong></span> <span class='ocrx_word' id='word_1_362' title='bbox 1314 3913 1359 3978; x_wconf 81' lang='lat' dir='ltr'><strong>Et</strong></span> <span class='ocrx_word' id='word_1_363' title='bbox 1392 3913 1437 3977; x_wconf 89' lang='lat' dir='ltr'><strong>f-</strong></span> 
     </span>
     <span class='ocr_line' id='line_1_37' title="bbox 208 4015 1441 4103; baseline -0.002 -21"><span class='ocrx_word' id='word_1_364' title='bbox 208 4017 329 4082; x_wconf 89' lang='lat' dir='ltr'><strong>stinans</strong></span> <span class='ocrx_word' id='word_1_365' title='bbox 353 4018 515 4082; x_wconf 90' lang='lat' dir='ltr'><strong>descendit</strong></span> <span class='ocrx_word' id='word_1_366' title='bbox 537 4023 569 4082; x_wconf 89' lang='lat' dir='ltr'><strong>et</strong></span> <span class='ocrx_word' id='word_1_367' title='bbox 592 4017 717 4103; x_wconf 85' lang='lat' dir='ltr'><strong>excepit</strong></span> <span class='ocrx_word' id='word_1_368' title='bbox 739 4018 830 4082; x_wconf 92' lang='lat' dir='ltr'><strong>illum</strong></span> <span class='ocrx_word' id='word_1_369' title='bbox 857 4017 1007 4103; x_wconf 85' lang='lat' dir='ltr'><strong>gaudens.</strong></span> <span class='ocrx_word' id='word_1_370' title='bbox 1055 4016 1066 4055; x_wconf 81' lang='lat'>⁷</span> <span class='ocrx_word' id='word_1_371' title='bbox 1110 4017 1155 4082; x_wconf 84' lang='lat' dir='ltr'><strong>Et</strong></span> <span class='ocrx_word' id='word_1_372' title='bbox 1188 4040 1260 4080; x_wconf 91' lang='lat' dir='ltr'><strong>cum</strong></span> <span class='ocrx_word' id='word_1_373' title='bbox 1294 4015 1441 4080; x_wconf 89' lang='lat' dir='ltr'><strong>uiderent</strong></span> 
     </span>
     <span class='ocr_line' id='line_1_38' title="bbox 209 4118 1440 4205; baseline -0.002 -21"><span class='ocrx_word' id='word_1_374' title='bbox 209 4143 316 4184; x_wconf 88' lang='lat' dir='ltr'><strong>omnes</strong></span> <span class='ocrx_word' id='word_1_375' title='bbox 340 4127 617 4185; x_wconf 85' lang='lat' dir='ltr'><strong>murmurauerunt</strong></span> <span class='ocrx_word' id='word_1_376' title='bbox 639 4121 723 4205; x_wconf 91' lang='lat' dir='ltr'><strong>quod</strong></span> <span class='ocrx_word' id='word_1_377' title='bbox 744 4121 782 4184; x_wconf 89' lang='lat' dir='ltr'><strong>ad</strong></span> <span class='ocrx_word' id='word_1_378' title='bbox 805 4120 967 4184; x_wconf 87' lang='lat' dir='ltr'><strong>hominem</strong></span> <span class='ocrx_word' id='word_1_379' title='bbox 989 4126 1189 4204; x_wconf 87' lang='lat' dir='ltr'><strong>peccatorum</strong></span> <span class='ocrx_word' id='word_1_380' title='bbox 1220 4118 1352 4182; x_wconf 89' lang='lat' dir='ltr'><strong>diuertit</strong></span> <span class='ocrx_word' id='word_1_381' title='bbox 1378 4141 1440 4181; x_wconf 91' lang='lat' dir='ltr'><strong>ma-</strong></span> 
     </span>
     <span class='ocr_line' id='line_1_39' title="bbox 209 4219 1439 4288; baseline -0.002 -2"><span class='ocrx_word' id='word_1_382' title='bbox 209 4247 294 4288; x_wconf 87' lang='lat' dir='ltr'><strong>nere.</strong></span> <span class='ocrx_word' id='word_1_383' title='bbox 339 4219 352 4259; x_wconf 81' lang='lat'>³</span> <span class='ocrx_word' id='word_1_384' title='bbox 395 4221 490 4287; x_wconf 83' lang='lat' dir='ltr'><strong>Stans</strong></span> <span class='ocrx_word' id='word_1_385' title='bbox 513 4235 618 4287; x_wconf 87' lang='lat' dir='ltr'><strong>autem</strong></span> <span class='ocrx_word' id='word_1_386' title='bbox 643 4223 814 4288; x_wconf 85' lang='lat' dir='ltr'><strong>zacchaeus</strong></span> <span class='ocrx_word' id='word_1_387' title='bbox 841 4221 924 4286; x_wconf 88' lang='lat' dir='ltr'><strong>dixit</strong></span> <span class='ocrx_word' id='word_1_388' title='bbox 954 4223 994 4286; x_wconf 91' lang='lat' dir='ltr'><strong>ad</strong></span> <span class='ocrx_word' id='word_1_389' title='bbox 1028 4221 1110 4286; x_wconf 76' lang='lat' dir='ltr'><strong>dom.</strong></span> <span class='ocrx_word' id='word_1_390' title='bbox 1155 4221 1239 4286; x_wconf 79' lang='lat' dir='ltr'><strong>Ecce</strong></span> <span class='ocrx_word' id='word_1_391' title='bbox 1273 4219 1439 4284; x_wconf 91' lang='lat' dir='ltr'><strong>dimidium</strong></span> 
     </span>
     <span class='ocr_line' id='line_1_40' title="bbox 208 4321 1437 4410; baseline -0.003 -20"><span class='ocrx_word' id='word_1_392' title='bbox 208 4326 362 4390; x_wconf 91' lang='lat' dir='ltr'><strong>bonorum</strong></span> <span class='ocrx_word' id='word_1_393' title='bbox 386 4347 526 4389; x_wconf 93' lang='lat' dir='ltr'><strong>meorum</strong></span> <span class='ocrx_word' id='word_1_394' title='bbox 550 4325 622 4388; x_wconf 77' lang='lat' dir='ltr'><strong>dffle</strong></span> <span class='ocrx_word' id='word_1_395' title='bbox 644 4325 683 4389; x_wconf 89' lang='lat' dir='ltr'><strong>do</strong></span> <span class='ocrx_word' id='word_1_396' title='bbox 706 4323 907 4410; x_wconf 86' lang='lat' dir='ltr'><strong>pauperibus.</strong></span> <span class='ocrx_word' id='word_1_397' title='bbox 952 4325 996 4388; x_wconf 74' lang='lat' dir='ltr'><strong>Et</strong></span> <span class='ocrx_word' id='word_1_398' title='bbox 1018 4323 1045 4388; x_wconf 92' lang='lat' dir='ltr'><strong>si</strong></span> <span class='ocrx_word' id='word_1_399' title='bbox 1069 4322 1146 4407; x_wconf 92' lang='lat' dir='ltr'><strong>quid</strong></span> <span class='ocrx_word' id='word_1_400' title='bbox 1168 4322 1263 4388; x_wconf 90' lang='lat' dir='ltr'><strong>alicui</strong></span> <span class='ocrx_word' id='word_1_401' title='bbox 1293 4321 1437 4386; x_wconf 83' lang='lat' dir='ltr'><strong>fraudaui</strong></span> 
     </span>
     <span class='ocr_line' id='line_1_41' title="bbox 206 4424 1441 4512; baseline -0.002 -21"><span class='ocrx_word' id='word_1_402' title='bbox 206 4427 302 4492; x_wconf 88' lang='lat' dir='ltr'><strong>reddo</strong></span> <span class='ocrx_word' id='word_1_403' title='bbox 325 4426 545 4512; x_wconf 89' lang='lat' dir='ltr'><strong>quadruplum.</strong></span> <span class='ocrx_word' id='word_1_404' title='bbox 592 4425 605 4464; x_wconf 85' lang='lat'>⁹</span> <span class='ocrx_word' id='word_1_405' title='bbox 650 4427 709 4491; x_wconf 87' lang='lat' dir='ltr'><strong>Ait</strong></span> <span class='ocrx_word' id='word_1_406' title='bbox 731 4435 839 4492; x_wconf 90' lang='lat' dir='ltr'><strong>autem</strong></span> <span class='ocrx_word' id='word_1_407' title='bbox 861 4427 913 4490; x_wconf 82' lang='lat' dir='ltr'><strong>ihs</strong></span> <span class='ocrx_word' id='word_1_408' title='bbox 936 4427 975 4490; x_wconf 90' lang='lat' dir='ltr'><strong>ad</strong></span> <span class='ocrx_word' id='word_1_409' title='bbox 1005 4424 1078 4490; x_wconf 94' lang='lat' dir='ltr'><strong>illos</strong></span> <span class='ocrx_word' id='word_1_410' title='bbox 1114 4425 1198 4510; x_wconf 91' lang='lat' dir='ltr'><strong>quod</strong></span> <span class='ocrx_word' id='word_1_411' title='bbox 1228 4424 1322 4489; x_wconf 89' lang='lat' dir='ltr'><strong>hodie</strong></span> <span class='ocrx_word' id='word_1_412' title='bbox 1355 4425 1441 4489; x_wconf 90' lang='lat' dir='ltr'><strong>salus</strong></span> 
     </span>
     <span class='ocr_line' id='line_1_42' title="bbox 206 4524 1441 4614; baseline -0.002 -21"><span class='ocrx_word' id='word_1_413' title='bbox 206 4527 282 4594; x_wconf 91' lang='lat' dir='ltr'><strong>huic</strong></span> <span class='ocrx_word' id='word_1_414' title='bbox 304 4528 412 4593; x_wconf 93' lang='lat' dir='ltr'><strong>domui</strong></span> <span class='ocrx_word' id='word_1_415' title='bbox 434 4528 518 4593; x_wconf 89' lang='lat' dir='ltr'><strong>facta</strong></span> <span class='ocrx_word' id='word_1_416' title='bbox 541 4537 589 4594; x_wconf 89' lang='lat' dir='ltr'><strong>est</strong></span> <span class='ocrx_word' id='word_1_417' title='bbox 611 4552 648 4593; x_wconf 91' lang='lat' dir='ltr'><strong>eo</strong></span> <span class='ocrx_word' id='word_1_418' title='bbox 672 4529 755 4614; x_wconf 92' lang='lat' dir='ltr'><strong>quod</strong></span> <span class='ocrx_word' id='word_1_419' title='bbox 779 4538 811 4594; x_wconf 91' lang='lat' dir='ltr'><strong>et</strong></span> <span class='ocrx_word' id='word_1_420' title='bbox 833 4528 901 4614; x_wconf 89' lang='lat' dir='ltr'><strong>ipse</strong></span> <span class='ocrx_word' id='word_1_421' title='bbox 922 4529 1008 4594; x_wconf 91' lang='lat' dir='ltr'><strong>filius</strong></span> <span class='ocrx_word' id='word_1_422' title='bbox 1030 4527 1072 4592; x_wconf 92' lang='lat' dir='ltr'><strong>sit</strong></span> <span class='ocrx_word' id='word_1_423' title='bbox 1094 4527 1238 4592; x_wconf 88' lang='lat' dir='ltr'><strong>abrahae.</strong></span> <span class='ocrx_word' id='word_1_424' title='bbox 1278 4524 1305 4563; x_wconf 85' lang='lat'><strong>¹⁰</strong></span> <span class='ocrx_word' id='word_1_425' title='bbox 1343 4526 1441 4591; x_wconf 88' lang='lat' dir='ltr'><strong>Uenit</strong></span> 
     </span>
     <span class='ocr_line' id='line_1_43' title="bbox 207 4628 1317 4715; baseline -0.003 -20"><span class='ocrx_word' id='word_1_426' title='bbox 207 4629 292 4695; x_wconf 90' lang='lat' dir='ltr'><strong>enim</strong></span> <span class='ocrx_word' id='word_1_427' title='bbox 315 4629 399 4696; x_wconf 87' lang='lat' dir='ltr'><strong>filius</strong></span> <span class='ocrx_word' id='word_1_428' title='bbox 421 4629 560 4696; x_wconf 88' lang='lat' dir='ltr'><strong>hominis</strong></span> <span class='ocrx_word' id='word_1_429' title='bbox 584 4654 715 4714; x_wconf 89' lang='lat' dir='ltr'><strong>querere</strong></span> <span class='ocrx_word' id='word_1_430' title='bbox 739 4639 770 4696; x_wconf 90' lang='lat' dir='ltr'><strong>et</strong></span> <span class='ocrx_word' id='word_1_431' title='bbox 793 4631 917 4696; x_wconf 90' lang='lat' dir='ltr'><strong>saluum</strong></span> <span class='ocrx_word' id='word_1_432' title='bbox 940 4631 1043 4696; x_wconf 89' lang='lat' dir='ltr'><strong>facere</strong></span> <span class='ocrx_word' id='word_1_433' title='bbox 1066 4630 1149 4714; x_wconf 92' lang='lat' dir='ltr'><strong>qnod</strong></span> <span class='ocrx_word' id='word_1_434' title='bbox 1172 4628 1317 4715; x_wconf 89' lang='lat' dir='ltr'><strong>perierat.</strong></span> 
     </span>
    </p>
   </div>
   <div class='ocr_carea' id='block_1_3' title="bbox 0 0 1742 5192">
    <p class='ocr_par' dir='ltr' id='par_1_5' title="bbox 0 0 1742 5192">
     <span class='ocr_line' id='line_1_44' title="bbox 0 0 1742 5192; baseline 0 0"><span class='ocrx_word' id='word_1_435' title='bbox 0 0 1742 5192; x_wconf 95' lang='lat' dir='ltr'><strong> </strong></span> 
     </span>
    </p>
   </div>
  </div>
 </body>
</html>
