3467 5192
276 268 337 332 116
706 277 738 327 (c.
758 267 787 331 9)
811 265 990 330 euangelium
1016 280 1070 318 sec.

274 437 522 504 circumdaretur
545 436 627 500 mola
649 435 785 500 asinaria
806 434 889 501 circa
911 435 1025 501 cellum
1048 433 1115 499 eius
1139 447 1172 500 et
1194 435 1227 500 in
1259 458 1345 500 mare
1363 435 1502 501 mittere·

276 549 336 607 tur.
382 538 410 576 ⁴²
453 539 497 603 Et
519 538 546 603 si
567 537 760 603 scandalizet
781 548 813 602 te
835 561 948 604 manus
970 545 1025 602 tua
1046 547 1176 624 amputa
1204 537 1289 601 illam
1312 539 1430 602 bonum
1456 547 1504 603 est

273 642 334 708 tibi
356 640 492 706 debilem
514 640 645 706 introire
667 643 701 705 in
723 641 824 706 uitam
847 664 943 725 quam
966 641 1044 705 duas
1066 664 1178 706 manus
1201 641 1369 705 habentem
1396 640 1444 706 ire
1471 639 1504 704 in

273 746 451 830 gehennam
475 742 530 808 ubi
552 751 600 808 est
623 743 656 808 in
679 743 762 828 ignis
795 742 1057 827 inextinguibilis.
1072 741 1166 807 “ubi
1199 742 1318 808 uermis
1341 742 1418 807 cord
1440 766 1503 808 nen

275 847 408 912 meritur
430 855 462 910 et
485 845 567 930 ignis
590 869 653 910 non
676 844 993 930 extinguetur.“[et]
1018 846 1045 909 si
1068 867 1123 931 pes
1150 854 1223 910 tuus
1250 845 1444 910 scandalizat
1473 854 1504 910 te

273 956 403 1035 amputa
425 947 516 1012 illum
540 949 684 1029 (b)0num
708 947 835 1013 esttibi
858 948 1006 1012 claudum
1030 947 1160 1012 introire
1183 947 1216 1012 in
1232 948 1302 1012 uita
1317 970 1411 1032 quam
1427 947 1505 1011 dues

275 1051 371 1138 pedes
393 1052 562 1116 habentem
586 1049 671 1116 mitti
693 1049 727 1114 in
749 1051 927 1135 gehennam
951 1051 1006 1115 ubi
1027 1051 1111 1135 ignis
1137 1048 1504 1135 inextinguebilis⁴⁶ubi

274 1154 392 1220 uermis
416 1153 540 1219 illorum
563 1176 626 1217 non
652 1154 785 1218 meritur
813 1162 845 1218 et
883 1153 965 1238 ignis
1000 1176 1064 1218 uon
1097 1153 1309 1237 extinguetur.
1322 1150 1446 1236 “quod
1478 1150 1506 1216 si

274 1262 383 1323 oculus
405 1264 478 1322 tuus
501 1256 692 1321 scandalizat
714 1264 746 1320 te
769 1257 874 1320 exime
898 1255 955 1319 illd
984 1257 1101 1322 bonum
1131 1264 1180 1320 est
1212 1255 1270 1319 tibi
1304 1256 1426 1319 luscum
1458 1256 1503 1318 in·

274 1359 371 1425 trcire
393 1358 427 1423 in
449 1382 582 1442 regnum
606 1359 637 1423 di
661 1381 757 1442 quam
779 1359 857 1423 duos
880 1359 986 1424 oculos
1009 1359 1177 1424 habentem
1206 1357 1292 1423 mitti
1321 1357 1354 1422 in
1390 1363 1503 1442 gehen·

275 1485 348 1526 nam
360 1460 388 1500 ⁴⁷
399 1460 454 1525 ubi
478 1463 596 1525 uermis
618 1460 743 1525 illerum
765 1484 828 1526 nen
851 1461 1004 1526 morietur
1026 1469 1058 1526 et
1083 1459 1167 1546 ignis
1196 1482 1260 1526 nen
1290 1460 1504 1545 extinguetur.

275 1563 303 1601 ⁴⁸
346 1563 460 1630 Omnis
483 1563 568 1628 enim
591 1562 722 1628 uictima
743 1564 809 1629 sale
831 1563 973 1630 salietur.
1017 1563 1045 1600 ⁴⁹
1101 1564 1228 1629 Bonum
1261 1573 1309 1629 eat
1342 1568 1387 1628 sal
1420 1562 1503 1648 quod

274 1669 302 1732 si
324 1670 369 1731 sal
391 1670 544 1730 insulsum
567 1664 665 1730 fuerit
688 1668 722 1730 in
745 1689 806 1750 quo
829 1665 908 1732 illud
924 1666 1077 1731 condietis
1092 1667 1206 1732 habete
1224 1667 1257 1730 in
1279 1664 1369 1730 uobis
1390 1668 1456 1730 eald
1470 1670 1506 1745 (l)

276 1781 309 1835 et
330 1792 438 1855 pacem
461 1770 575 1834 habete
598 1773 767 1834 internos.

361 1871 478 1936 XXX.
503 1873 542 1950 (e.
570 1872 620 1952 10)
665 1870 676 1906 ¹
721 1872 765 1937 Et
788 1871 862 1937 inde
890 1895 1062 1956 exsurgens
1091 1873 1182 1937 uenit
1215 1870 1248 1935 in
1281 1872 1360 1935 fines
1394 1868 1507 1934 iudeae

274 1981 361 2040 trans
383 1973 542 2038 iordanem
567 1982 599 2038 et
620 1974 769 2039 conuenit
791 1975 883 2038 turba
905 1974 944 2038 ad
967 1998 1040 2038 eum
1064 1973 1146 2040 sicut
1168 1987 1376 2039 consueuerat
1400 1986 1431 2038 et
1448 1973 1504 2038 ite·

275 2101 345 2142 rum
368 2077 499 2141 docebat
520 2076 601 2142 illos.
647 2075 659 2112 ²
702 2076 747 2141 Elt
769 2077 954 2142 accedentes
983 2076 1112 2162 quidam
1145 2076 1381 2161 interrogabant
1413 2076 1506 2140 illum

274 2178 401 2245 silicet
424 2178 492 2243 uiro
516 2177 675 2244 dimittere
699 2201 828 2244 uxorem
852 2201 943 2243 suam
968 2185 1158 2264 temptantes
1181 2203 1263 2244 eum.
1310 2177 1322 2215 ³
1366 2180 1507 2264 Respon-

275 2282 353 2346 dens
376 2288 482 2346 autem
506 2282 557 2345 ihs
580 2280 662 2346 dixit
683 2281 747 2346 illis
775 2281 851 2366 quid
886 2282 976 2347 uobis
1009 2281 1169 2367 praecepit
1202 2304 1335 2366 moyses.
1380 2281 1394 2317 ⁴
1440 2279 1503 2364 Qui

275 2384 434 2449 dixerunt.
458 2383 601 2469 permisit
624 2383 712 2448 nobis
734 2384 879 2450 libellum
902 2383 1026 2469 repudii
1052 2385 1127 2448 dare
1156 2385 1308 2471 scriptum
1336 2392 1368 2449 et
1402 2383 1506 2448 dimit·

274 2497 350 2552 tere.
397 2485 410 2524 ⁵
453 2487 662 2572 Respondens
686 2510 760 2551 uero
784 2486 835 2551 ihs
858 2486 940 2552 dixit
963 2487 1035 2553 illis.
1081 2487 1136 2551 Ad
1159 2487 1306 2551 duritiam
1330 2486 1431 2552 cordis
1454 2509 1508 2550 ue
1553 2563 1556 2569 Ι

274 2589 332 2655 stri
354 2589 477 2654 scribsit
498 2590 588 2654 ucbis
610 2599 813 2674 praeceptum
837 2588 973 2654 h00⁶ab
1003 2589 1095 2655 initio
1127 2600 1233 2654 autem
1269 2596 1442 2654 masculum
1477 2598 1510 2654 et

274 2691 425 2756 feminam
449 2691 525 2756 fecit
546 2692 584 2755 ds
606 2702 639 2757 et
661 2691 751 2756 dixit.
799 2691 810 2730 ⁷
854 2694 989 2778 Propter
1011 2693 1070 2758 hcc
1092 2690 1252 2776 relinquet
1274 2693 1368 2757 hemo
1383 2703 1504 2777 patrem

275 2818 367 2859 suum
392 2806 424 2858 et
446 2803 578 2859 matrem
602 2817 690 2858 suam
714 2804 746 2859 et
768 2794 933 2860 adherebit
955 2795 994 2859 ad
1018 2818 1148 2860 uxerem
1171 2818 1271 2860 suam.
1305 2793 1318 2832 ⁸
1355 2796 1399 2860 Et
1414 2808 1508 2859 erunt

276 2895 337 2960 duo
360 2895 394 2959 in
417 2919 517 2961 carne.
542 2907 648 2981 ltaque
670 2920 735 2961 non
758 2905 832 2962 suut
854 2898 916 2962 duo
944 2897 998 2962 sed
1031 2921 1096 2962 una
1127 2921 1207 2963 care.
1222 2895 1330 2982 ⁹qu0d
1363 2921 1436 2982 erge
1472 2897 1509 2961 ds

275 2998 442 3064 coniunxit
464 2999 557 3064 homo
580 3021 642 3064 nen
667 2999 835 3085 disiungat.
887 2999 913 3037 ¹⁰
956 3001 1000 3065 Et
1022 3001 1056 3065 in
1086 3001 1178 3065 domo
1211 3000 1326 3065 iterum
1361 2998 1509 3082 discipuli

273 3100 343 3166 eius
366 3101 405 3164 de
428 3103 487 3167 hoc
509 3101 786 3187 interrogauerunt
808 3126 891 3167 eum.
904 3101 928 3138 ¹¹
942 3110 974 3169 et
996 3103 1079 3168 dixit
1101 3103 1164 3167 illis
1188 3103 1321 3189 quisque
1353 3102 1509 3168 dimiserit

275 3225 406 3268 uxorem
430 3227 517 3268 suam
542 3214 574 3269 et
596 3206 690 3268 aliam
714 3205 840 3270 duxerit
862 3205 1053 3270 adulterium
1076 3205 1235 3271 conmittit
1260 3229 1354 3291 super
1387 3204 1509 3272 eam.12

274 3314 308 3370 et
330 3305 444 3370 mulier
467 3306 495 3370 si
518 3315 611 3372 exeat
633 3307 703 3372 uiro
727 3315 758 3372 et
780 3307 834 3372 alii
858 3308 1001 3394 nupserit
1023 3310 1206 3374 moechatur
1228 3317 1260 3374 et
1276 3308 1331 3393 qui
1347 3308 1508 3374 dimissam

276 3406 365 3472 ducit
387 3410 580 3474 moechatur.
628 3408 654 3446 ¹³
699 3411 743 3475 llt
768 3410 943 3475 efferebant
975 3410 1020 3474 illi
1054 3434 1168 3496 pueros
1201 3421 1236 3476 ut
1269 3419 1413 3496 tangeret
1445 3435 1507 3477 eos.

274 3509 423 3596 discipuli
445 3521 553 3576 autem
576 3511 644 3576 eius
667 3511 929 3578 conminabantur
952 3512 997 3578 eis
1021 3513 1078 3597 qui
1099 3514 1281 3579 efferebant.
1298 3512 1416 3599 1‘quos
1435 3537 1507 3578 cum

274 3612 399 3678 uideret
422 3613 472 3677 ihs
495 3612 625 3698 indigne
648 3615 722 3680 tulit
745 3624 777 3680 et
799 3615 845 3681 ait
866 3615 931 3680 illis
961 3616 1055 3682 sinite
1091 3640 1204 3702 pueros
1240 3616 1350 3681 uenire
1384 3617 1423 3681 ad
1457 3640 1508 3681 me

275 3725 308 3780 et
330 3715 427 3780 nolite
450 3715 617 3800 prohibere
641 3717 710 3783 illes
733 3718 845 3783 talium
869 3720 954 3784 enim
978 3726 1026 3784 est
1048 3742 1181 3804 regnum
1205 3719 1246 3784 di.
1260 3718 1415 3800 ¹⁶(am)en
1438 3718 1508 3784 dice

275 3817 367 3882 uobis
390 3816 533 3903 quisquis
556 3842 619 3884 non
643 3820 796 3906 receperit
818 3844 951 3904 regnum
975 3822 1006 3886 di
1030 3821 1112 3886 sicut
1127 3820 1266 3886 infantes
1284 3845 1347 3886 non
1364 3821 1509 3888 introiuit

275 3921 309 3984 in
333 3919 421 3986 illud.
436 3920 507 3986 ¹⁶et
528 3944 705 3988 conuocare
728 3946 780 3988 eos
803 3923 975 4008 inponebat
997 3946 1109 3988 manus
1131 3948 1226 4010 super
1248 3924 1320 3989 illos
1346 3923 1509 3990 benedice

275 4023 329 4086 bat
352 4045 413 4087 eos.
461 4023 487 4060 ¹⁷
531 4024 669 4090 Etcum
692 4048 834 4110 egressus
857 4037 939 4091 esset
967 4026 1001 4091 in
1033 4027 1122 4093 uiam
1157 4049 1344 4113 procurrens
1377 4027 1507 4113 quidam

275 4134 309 4189 et
329 4125 554 4208 adgeniculans
576 4136 649 4192 ante
671 4127 712 4191 ed
735 4127 817 4193 dixit
840 4130 990 4213 magister
1013 4131 1092 4194 bene
1115 4129 1191 4215 quid
1214 4128 1330 4196 faciam
1356 4140 1392 4196 ut
1407 4129 1508 4195 uitam

275 4234 437 4293 aeternam
459 4227 642 4314 percipiam.

361 4329 499 4395 XXXI.
547 4329 574 4368 ¹⁸
617 4333 660 4397 Et
682 4332 734 4397 ihs
760 4333 843 4398 dixit
877 4332 925 4397 illi
954 4333 1031 4417 quid
1066 4358 1116 4399 me
1151 4334 1230 4400 dicis
1251 4336 1380 4402 bonum.
1414 4359 1508 4401 nemo

275 4433 376 4497 bonus
399 4431 460 4497 nisi
483 4457 565 4499 unus
588 4434 673 4500 selus
696 4436 740 4499 ds.
758 4434 783 4472 ¹⁹
796 4445 964 4522 praecepta
987 4437 1079 4501 nosti.
1105 4461 1145 4502 ne
1168 4438 1359 4503 adulterabis
1376 4462 1438 4503 non
1462 4461 1510 4504 oc·

276 4535 364 4599 eides
386 4557 449 4598 non
472 4535 586 4600 falsum
611 4539 827 4603 testimonium
851 4538 970 4604 dixeris
993 4563 1056 4604 non
1079 4539 1222 4604 fraudem
1246 4540 1360 4607 feceris
1390 4542 1509 4606 honora

276 4645 398 4722 patrem
431 4648 463 4701 et
501 4649 645 4704 matrem.
692 4638 719 4676 ²⁰
762 4641 816 4705 Ad
848 4641 903 4706 ille
936 4643 1128 4728 respondens
1161 4643 1243 4709 dixit
1276 4644 1324 4708 illi
1360 4644 1510 4729 magister
