<?xml version="1.0" encoding="UTF-8"?>
<!DOCTYPE html PUBLIC "-//W3C//DTD XHTML 1.0 Transitional//EN"
    "http://www.w3.org/TR/xhtml1/DTD/xhtml1-transitional.dtd">
<html xmlns="http://www.w3.org/1999/xhtml" xml:lang="en" lang="en">
 <head>
  <title>
</title>
<meta http-equiv="Content-Type" content="text/html;charset=utf-8" />
  <meta name='ocr-system' content='tesseract 3.04.00' />
  <meta name='ocr-capabilities' content='ocr_page ocr_carea ocr_par ocr_line ocrx_word'/>
</head>
<body>
  <div class='ocr_page' id='page_1' title='image "./codexfcorbeiens00unkngoog_0029.png"; bbox 0 0 3467 5192; ppageno 0'>
   <div class='ocr_carea' id='block_1_1' title="bbox 690 207 1440 338">
    <p class='ocr_par' dir='ltr' id='par_1_1' title="bbox 690 207 1440 338">
     <span class='ocr_line' id='line_1_1' title="bbox 690 207 1440 338; baseline -0.003 -14"><span class='ocrx_word' id='word_1_1' title='bbox 690 272 830 326; x_wconf 86' lang='lat' dir='ltr'><strong>matteum</strong></span> <span class='ocrx_word' id='word_1_2' title='bbox 849 271 887 337; x_wconf 88' lang='lat' dir='ltr'><strong>(o.</strong></span> <span class='ocrx_word' id='word_1_3' title='bbox 906 270 962 338; x_wconf 72' lang='lat'><strong>22).</strong></span> <span class='ocrx_word' id='word_1_4' title='bbox 988 207 990 210; x_wconf 66' lang='lat'><em>&#39;</em></span> <span class='ocrx_word' id='word_1_5' title='bbox 1401 268 1440 332; x_wconf 80' lang='lat'><strong>17</strong></span> 
     </span>
    </p>
   </div>
   <div class='ocr_carea' id='block_1_2' title="bbox 205 437 1466 4214">
    <p class='ocr_par' dir='ltr' id='par_1_2' title="bbox 215 437 1442 526">
     <span class='ocr_line' id='line_1_2' title="bbox 215 437 1442 526; baseline -0.003 -20"><span class='ocrx_word' id='word_1_6' title='bbox 215 440 395 507; x_wconf 88' lang='lat' dir='ltr'><strong>herodianis</strong></span> <span class='ocrx_word' id='word_1_7' title='bbox 417 439 558 507; x_wconf 89' lang='lat' dir='ltr'><strong>dicentes</strong></span> <span class='ocrx_word' id='word_1_8' title='bbox 580 440 729 526; x_wconf 88' lang='lat' dir='ltr'><strong>magister</strong></span> <span class='ocrx_word' id='word_1_9' title='bbox 751 441 867 508; x_wconf 90' lang='lat' dir='ltr'><strong>scimus</strong></span> <span class='ocrx_word' id='word_1_10' title='bbox 891 440 966 526; x_wconf 91' lang='lat' dir='ltr'><strong>quia</strong></span> <span class='ocrx_word' id='word_1_11' title='bbox 998 463 1097 506; x_wconf 91' lang='lat' dir='ltr'><strong>uerax</strong></span> <span class='ocrx_word' id='word_1_12' title='bbox 1127 446 1175 506; x_wconf 90' lang='lat' dir='ltr'><strong>est</strong></span> <span class='ocrx_word' id='word_1_13' title='bbox 1204 443 1236 505; x_wconf 92' lang='lat' dir='ltr'><strong>et</strong></span> <span class='ocrx_word' id='word_1_14' title='bbox 1265 437 1321 503; x_wconf 77' lang='lat' dir='ltr'><strong>uia</strong></span> <span class='ocrx_word' id='word_1_15' title='bbox 1348 439 1380 503; x_wconf 88' lang='lat' dir='ltr'><strong>di</strong></span> <span class='ocrx_word' id='word_1_16' title='bbox 1408 437 1442 502; x_wconf 94' lang='lat' dir='ltr'><strong>in</strong></span> 
     </span>
    </p>

    <p class='ocr_par' dir='ltr' id='par_1_3' title="bbox 215 539 1443 629">
     <span class='ocr_line' id='line_1_3' title="bbox 215 539 1443 629; baseline -0.002 -21"><span class='ocrx_word' id='word_1_17' title='bbox 215 544 350 610; x_wconf 87' lang='lat' dir='ltr'><strong>ueritate</strong></span> <span class='ocrx_word' id='word_1_18' title='bbox 373 543 464 609; x_wconf 90' lang='lat' dir='ltr'><strong>doces</strong></span> <span class='ocrx_word' id='word_1_19' title='bbox 487 549 604 610; x_wconf 87' lang='lat' dir='ltr'><strong>etuon</strong></span> <span class='ocrx_word' id='word_1_20' title='bbox 627 543 755 610; x_wconf 88' lang='lat' dir='ltr'><strong>esttibi</strong></span> <span class='ocrx_word' id='word_1_21' title='bbox 784 568 858 610; x_wconf 88' lang='lat' dir='ltr'><strong>cura</strong></span> <span class='ocrx_word' id='word_1_22' title='bbox 889 544 929 609; x_wconf 93' lang='lat' dir='ltr'><strong>de</strong></span> <span class='ocrx_word' id='word_1_23' title='bbox 962 543 1069 629; x_wconf 87' lang='lat' dir='ltr'><strong>aliquo</strong></span> <span class='ocrx_word' id='word_1_24' title='bbox 1102 566 1166 608; x_wconf 93' lang='lat' dir='ltr'><strong>non</strong></span> <span class='ocrx_word' id='word_1_25' title='bbox 1193 540 1278 608; x_wconf 90' lang='lat' dir='ltr'><strong>enim</strong></span> <span class='ocrx_word' id='word_1_26' title='bbox 1312 539 1443 626; x_wconf 80' lang='lat' dir='ltr'><strong>respicis</strong></span> 
     </span>
    </p>

    <p class='ocr_par' dir='ltr' id='par_1_4' title="bbox 215 643 1443 733">
     <span class='ocr_line' id='line_1_4' title="bbox 215 643 1443 733; baseline -0.004 -21"><span class='ocrx_word' id='word_1_27' title='bbox 215 669 379 733; x_wconf 91' lang='lat' dir='ltr'><strong>personam</strong></span> <span class='ocrx_word' id='word_1_28' title='bbox 402 645 575 711; x_wconf 92' lang='lat' dir='ltr'><strong>hominum.</strong></span> <span class='ocrx_word' id='word_1_29' title='bbox 601 645 627 684; x_wconf 82' lang='grc'><strong>33</strong></span> <span class='ocrx_word' id='word_1_30' title='bbox 647 645 736 732; x_wconf 65' lang='lat' dir='ltr'><strong>Quid</strong></span> <span class='ocrx_word' id='word_1_31' title='bbox 758 645 816 712; x_wconf 86' lang='lat' dir='ltr'><strong>tibi</strong></span> <span class='ocrx_word' id='word_1_32' title='bbox 838 647 975 712; x_wconf 86' lang='lat' dir='ltr'><strong>uidetur.</strong></span> <span class='ocrx_word' id='word_1_33' title='bbox 999 645 1075 712; x_wconf 87' lang='lat' dir='ltr'><strong>lieet</strong></span> <span class='ocrx_word' id='word_1_34' title='bbox 1086 667 1215 710; x_wconf 87' lang='lat' dir='ltr'><strong>censum</strong></span> <span class='ocrx_word' id='word_1_35' title='bbox 1234 645 1309 709; x_wconf 88' lang='lat' dir='ltr'><strong>dare</strong></span> <span class='ocrx_word' id='word_1_36' title='bbox 1324 643 1443 708; x_wconf 85' lang='lat' dir='ltr'>caesari</span> 
     </span>
    </p>

    <p class='ocr_par' dir='ltr' id='par_1_5' title="bbox 205 745 1441 834">
     <span class='ocr_line' id='line_1_5' title="bbox 205 745 1441 834; baseline -0.002 -21"><span class='ocrx_word' id='word_1_37' title='bbox 205 769 256 813; x_wconf 64' lang='lat' dir='ltr'><strong>&#39;an</strong></span> <span class='ocrx_word' id='word_1_38' title='bbox 277 772 349 814; x_wconf 91' lang='lat' dir='ltr'><strong>non.</strong></span> <span class='ocrx_word' id='word_1_39' title='bbox 376 745 402 785; x_wconf 79' lang='grc'><strong>33</strong></span> <span class='ocrx_word' id='word_1_40' title='bbox 424 747 560 834; x_wconf 77' lang='lat' dir='ltr'><strong>Cognita</strong></span> <span class='ocrx_word' id='word_1_41' title='bbox 582 756 689 814; x_wconf 91' lang='lat' dir='ltr'><strong>autem</strong></span> <span class='ocrx_word' id='word_1_42' title='bbox 711 749 762 812; x_wconf 86' lang='lat' dir='ltr'><strong>ihs</strong></span> <span class='ocrx_word' id='word_1_43' title='bbox 784 748 928 834; x_wconf 90' lang='lat' dir='ltr'><strong>nequitia</strong></span> <span class='ocrx_word' id='word_1_44' title='bbox 951 771 1059 814; x_wconf 91' lang='lat' dir='ltr'><strong>eorum</strong></span> <span class='ocrx_word' id='word_1_45' title='bbox 1086 747 1140 813; x_wconf 88' lang='lat' dir='ltr'><strong>ait.</strong></span> <span class='ocrx_word' id='word_1_46' title='bbox 1169 746 1246 832; x_wconf 92' lang='lat' dir='ltr'><strong>quid</strong></span> <span class='ocrx_word' id='word_1_47' title='bbox 1273 769 1325 811; x_wconf 92' lang='lat' dir='ltr'><strong>me</strong></span> <span class='ocrx_word' id='word_1_48' title='bbox 1341 752 1441 832; x_wconf 87' lang='lat' dir='ltr'><strong>temp·</strong></span> 
     </span>
    </p>

    <p class='ocr_par' dir='ltr' id='par_1_6' title="bbox 215 848 1443 937">
     <span class='ocr_line' id='line_1_6' title="bbox 215 848 1443 937; baseline -0.002 -22"><span class='ocrx_word' id='word_1_49' title='bbox 215 850 296 917; x_wconf 91' lang='lat' dir='ltr'><strong>tatis.</strong></span> <span class='ocrx_word' id='word_1_50' title='bbox 313 849 504 917; x_wconf 79' lang='lat' dir='ltr'><strong>¹⁹ostendite</strong></span> <span class='ocrx_word' id='word_1_51' title='bbox 527 851 606 917; x_wconf 89' lang='lat' dir='ltr'><strong>mihi</strong></span> <span class='ocrx_word' id='word_1_52' title='bbox 628 850 783 916; x_wconf 82' lang='lat' dir='ltr'><strong>nomisma</strong></span> <span class='ocrx_word' id='word_1_53' title='bbox 802 875 925 918; x_wconf 88' lang='lat' dir='ltr'><strong>census.</strong></span> <span class='ocrx_word' id='word_1_54' title='bbox 954 851 994 914; x_wconf 90' lang='lat' dir='ltr'><strong>ad</strong></span> <span class='ocrx_word' id='word_1_55' title='bbox 1012 848 1060 914; x_wconf 92' lang='lat' dir='ltr'><strong>illi</strong></span> <span class='ocrx_word' id='word_1_56' title='bbox 1089 850 1273 937; x_wconf 75' lang='lat' dir='ltr'>optulerunt</span> <span class='ocrx_word' id='word_1_57' title='bbox 1302 848 1331 915; x_wconf 91' lang='lat' dir='ltr'><strong>ei</strong></span> <span class='ocrx_word' id='word_1_58' title='bbox 1358 849 1443 914; x_wconf 90' lang='lat' dir='ltr'><strong>dina·</strong></span> 
     </span>
    </p>

    <p class='ocr_par' dir='ltr' id='par_1_7' title="bbox 214 949 1444 1039">
     <span class='ocr_line' id='line_1_7' title="bbox 214 949 1444 1039; baseline -0.001 -20"><span class='ocrx_word' id='word_1_59' title='bbox 214 953 308 1019; x_wconf 87' lang='lat' dir='ltr'><strong>rium.</strong></span> <span class='ocrx_word' id='word_1_60' title='bbox 322 951 349 990; x_wconf 80' lang='lat'><strong>²⁰</strong></span> <span class='ocrx_word' id='word_1_61' title='bbox 361 952 406 1019; x_wconf 91' lang='lat' dir='ltr'><strong>ait</strong></span> <span class='ocrx_word' id='word_1_62' title='bbox 427 952 490 1018; x_wconf 90' lang='lat' dir='ltr'><strong>illis</strong></span> <span class='ocrx_word' id='word_1_63' title='bbox 513 953 565 1018; x_wconf 86' lang='lat' dir='ltr'><strong>ihs</strong></span> <span class='ocrx_word' id='word_1_64' title='bbox 587 953 676 1019; x_wconf 92' lang='lat' dir='ltr'><strong>cuius</strong></span> <span class='ocrx_word' id='word_1_65' title='bbox 699 961 747 1020; x_wconf 90' lang='lat' dir='ltr'><strong>est</strong></span> <span class='ocrx_word' id='word_1_66' title='bbox 769 953 873 1039; x_wconf 84' lang='lat' dir='ltr'><strong>imago</strong></span> <span class='ocrx_word' id='word_1_67' title='bbox 888 955 966 1018; x_wconf 87' lang='lat' dir='ltr'><strong>haec</strong></span> <span class='ocrx_word' id='word_1_68' title='bbox 991 958 1023 1018; x_wconf 93' lang='lat' dir='ltr'><strong>et</strong></span> <span class='ocrx_word' id='word_1_69' title='bbox 1047 949 1279 1037; x_wconf 78' lang='lat' dir='ltr'><strong>superscriptio,</strong></span> <span class='ocrx_word' id='word_1_70' title='bbox 1293 949 1320 988; x_wconf 84' lang='grc'><strong>33</strong></span> <span class='ocrx_word' id='word_1_71' title='bbox 1333 950 1444 1018; x_wconf 89' lang='lat' dir='ltr'><strong>dicunt</strong></span> 
     </span>
    </p>

    <p class='ocr_par' dir='ltr' id='par_1_8' title="bbox 215 1053 1442 1142">
     <span class='ocr_line' id='line_1_8' title="bbox 215 1053 1442 1142; baseline -0.002 -21"><span class='ocrx_word' id='word_1_72' title='bbox 215 1056 247 1121; x_wconf 89' lang='lat' dir='ltr'><strong>ei</strong></span> <span class='ocrx_word' id='word_1_73' title='bbox 269 1055 412 1122; x_wconf 85' lang='lat' dir='ltr'><strong>caesaris.</strong></span> <span class='ocrx_word' id='word_1_74' title='bbox 436 1054 528 1122; x_wconf 78' lang='lat' dir='ltr'><strong>Tunc</strong></span> <span class='ocrx_word' id='word_1_75' title='bbox 550 1056 595 1122; x_wconf 91' lang='lat' dir='ltr'><strong>ait</strong></span> <span class='ocrx_word' id='word_1_76' title='bbox 616 1055 681 1121; x_wconf 89' lang='lat' dir='ltr'><strong>illis</strong></span> <span class='ocrx_word' id='word_1_77' title='bbox 702 1056 824 1122; x_wconf 91' lang='lat' dir='ltr'><strong>reddite</strong></span> <span class='ocrx_word' id='word_1_78' title='bbox 847 1079 919 1142; x_wconf 88' lang='lat' dir='ltr'><strong>ergo</strong></span> <span class='ocrx_word' id='word_1_79' title='bbox 947 1078 1028 1141; x_wconf 89' lang='lat' dir='ltr'><strong>quae</strong></span> <span class='ocrx_word' id='word_1_80' title='bbox 1057 1059 1132 1120; x_wconf 91' lang='lat' dir='ltr'><strong>sunt</strong></span> <span class='ocrx_word' id='word_1_81' title='bbox 1159 1053 1294 1120; x_wconf 90' lang='lat' dir='ltr'><strong>caesaris</strong></span> <span class='ocrx_word' id='word_1_82' title='bbox 1323 1053 1442 1119; x_wconf 80' lang='lat' dir='ltr'><strong>caesari</strong></span> 
     </span>
    </p>

    <p class='ocr_par' dir='ltr' id='par_1_9' title="bbox 215 1156 1466 1326">
     <span class='ocr_line' id='line_1_9' title="bbox 218 1156 1466 1244; baseline -0.003 -20"><span class='ocrx_word' id='word_1_83' title='bbox 218 1160 270 1241; x_wconf 86' lang='lat' dir='ltr'><strong>[et]</strong></span> <span class='ocrx_word' id='word_1_84' title='bbox 300 1181 380 1244; x_wconf 91' lang='lat' dir='ltr'><strong>quae</strong></span> <span class='ocrx_word' id='word_1_85' title='bbox 407 1161 481 1224; x_wconf 87' lang='lat' dir='ltr'><strong>sunt</strong></span> <span class='ocrx_word' id='word_1_86' title='bbox 504 1158 536 1223; x_wconf 88' lang='lat' dir='ltr'><strong>di</strong></span> <span class='ocrx_word' id='word_1_87' title='bbox 558 1159 606 1223; x_wconf 80' lang='lat' dir='ltr'><strong>do.</strong></span> <span class='ocrx_word' id='word_1_88' title='bbox 621 1157 648 1196; x_wconf 84' lang='grc'><strong>33</strong></span> <span class='ocrx_word' id='word_1_89' title='bbox 659 1158 708 1222; x_wconf 92' lang='lat' dir='ltr'><strong>illi</strong></span> <span class='ocrx_word' id='word_1_90' title='bbox 736 1166 843 1224; x_wconf 89' lang='lat' dir='ltr'><strong>autem</strong></span> <span class='ocrx_word' id='word_1_91' title='bbox 869 1157 1034 1224; x_wconf 79' lang='lat' dir='ltr'><strong>audientes</strong></span> <span class='ocrx_word' id='word_1_92' title='bbox 1057 1156 1163 1221; x_wconf 91' lang='lat' dir='ltr'><strong>mirati</strong></span> <span class='ocrx_word' id='word_1_93' title='bbox 1184 1163 1258 1221; x_wconf 88' lang='lat' dir='ltr'><strong>sunt</strong></span> <span class='ocrx_word' id='word_1_94' title='bbox 1279 1163 1312 1222; x_wconf 91' lang='lat' dir='ltr'><strong>et</strong></span> <span class='ocrx_word' id='word_1_95' title='bbox 1332 1156 1466 1222; x_wconf 91' lang='lat' dir='ltr'><strong>relicto·</strong></span> 
     </span>
     <span class='ocr_line' id='line_1_10' title="bbox 215 1259 447 1326; baseline 0.004 -3"><span class='ocrx_word' id='word_1_96' title='bbox 215 1260 270 1326; x_wconf 92' lang='lat' dir='ltr'><strong>illo</strong></span> <span class='ocrx_word' id='word_1_97' title='bbox 292 1259 447 1326; x_wconf 90' lang='lat' dir='ltr'><strong>abierunt.</strong></span> 
     </span>
    </p>

    <p class='ocr_par' dir='ltr' id='par_1_10' title="bbox 216 1361 1451 4214">
     <span class='ocr_line' id='line_1_11' title="bbox 298 1361 1444 1447; baseline 0.001 -20"><span class='ocrx_word' id='word_1_98' title='bbox 298 1362 425 1430; x_wconf 88' lang='lat' dir='ltr'>LXIV.</span> <span class='ocrx_word' id='word_1_99' title='bbox 451 1361 477 1400; x_wconf 81' lang='grc'><strong>33</strong></span> <span class='ocrx_word' id='word_1_100' title='bbox 500 1364 540 1427; x_wconf 90' lang='lat' dir='ltr'><strong>In</strong></span> <span class='ocrx_word' id='word_1_101' title='bbox 562 1364 616 1428; x_wconf 89' lang='lat' dir='ltr'><strong>illo</strong></span> <span class='ocrx_word' id='word_1_102' title='bbox 638 1363 690 1428; x_wconf 90' lang='lat' dir='ltr'><strong>die</strong></span> <span class='ocrx_word' id='word_1_103' title='bbox 712 1363 912 1429; x_wconf 84' lang='lat' dir='ltr'><strong>adcesserunt</strong></span> <span class='ocrx_word' id='word_1_104' title='bbox 934 1363 973 1428; x_wconf 90' lang='lat' dir='ltr'><strong>ad</strong></span> <span class='ocrx_word' id='word_1_105' title='bbox 995 1387 1067 1429; x_wconf 92' lang='lat' dir='ltr'><strong>eum</strong></span> <span class='ocrx_word' id='word_1_106' title='bbox 1091 1361 1239 1428; x_wconf 82' lang='lat' dir='ltr'><strong>sadducei</strong></span> <span class='ocrx_word' id='word_1_107' title='bbox 1260 1361 1317 1447; x_wconf 91' lang='lat' dir='ltr'><strong>qui</strong></span> <span class='ocrx_word' id='word_1_108' title='bbox 1334 1361 1444 1428; x_wconf 89' lang='lat' dir='ltr'><strong>dicunt</strong></span> 
     </span>
     <span class='ocr_line' id='line_1_12' title="bbox 216 1464 1444 1552; baseline -0.001 -24"><span class='ocrx_word' id='word_1_109' title='bbox 216 1489 278 1532; x_wconf 89' lang='lat' dir='ltr'><strong>non</strong></span> <span class='ocrx_word' id='word_1_110' title='bbox 301 1490 369 1532; x_wconf 90' lang='lat' dir='ltr'><strong>esse</strong></span> <span class='ocrx_word' id='word_1_111' title='bbox 391 1464 620 1533; x_wconf 72' lang='lat' dir='ltr'><strong>resurrectione</strong></span> <span class='ocrx_word' id='word_1_112' title='bbox 643 1473 675 1532; x_wconf 91' lang='lat' dir='ltr'><strong>et</strong></span> <span class='ocrx_word' id='word_1_113' title='bbox 697 1466 1058 1552; x_wconf 84' lang='lat' dir='ltr'><strong>interrogauerunteum</strong></span> <span class='ocrx_word' id='word_1_114' title='bbox 1072 1464 1099 1502; x_wconf 82' lang='grc'><strong>33</strong></span> <span class='ocrx_word' id='word_1_115' title='bbox 1114 1464 1266 1530; x_wconf 90' lang='lat' dir='ltr'><strong>dicentes.</strong></span> <span class='ocrx_word' id='word_1_116' title='bbox 1296 1465 1444 1550; x_wconf 87' lang='lat' dir='ltr'><strong>magister</strong></span> 
     </span>
     <span class='ocr_line' id='line_1_13' title="bbox 216 1565 1443 1655; baseline 0 -23"><span class='ocrx_word' id='word_1_117' title='bbox 216 1592 339 1655; x_wconf 89' lang='lat' dir='ltr'><strong>moyses</strong></span> <span class='ocrx_word' id='word_1_118' title='bbox 362 1568 452 1635; x_wconf 88' lang='lat' dir='ltr'><strong>dixit.</strong></span> <span class='ocrx_word' id='word_1_119' title='bbox 476 1568 503 1634; x_wconf 92' lang='lat' dir='ltr'><strong>si</strong></span> <span class='ocrx_word' id='word_1_120' title='bbox 525 1567 597 1653; x_wconf 91' lang='lat' dir='ltr'><strong>quis</strong></span> <span class='ocrx_word' id='word_1_121' title='bbox 620 1574 762 1634; x_wconf 91' lang='lat' dir='ltr'><strong>mortuus</strong></span> <span class='ocrx_word' id='word_1_122' title='bbox 777 1568 875 1634; x_wconf 87' lang='lat' dir='ltr'><strong>fuerit</strong></span> <span class='ocrx_word' id='word_1_123' title='bbox 896 1591 960 1633; x_wconf 92' lang='lat' dir='ltr'><strong>non</strong></span> <span class='ocrx_word' id='word_1_124' title='bbox 982 1569 1101 1634; x_wconf 88' lang='lat' dir='ltr'><strong>habens</strong></span> <span class='ocrx_word' id='word_1_125' title='bbox 1121 1567 1204 1632; x_wconf 87' lang='lat' dir='ltr'><strong>filios</strong></span> <span class='ocrx_word' id='word_1_126' title='bbox 1214 1574 1251 1634; x_wconf 93' lang='lat' dir='ltr'><strong>ut</strong></span> <span class='ocrx_word' id='word_1_127' title='bbox 1273 1567 1367 1632; x_wconf 90' lang='lat' dir='ltr'><strong>ducat</strong></span> <span class='ocrx_word' id='word_1_128' title='bbox 1381 1565 1443 1632; x_wconf 76' lang='lat' dir='ltr'><strong>fra·</strong></span> 
     </span>
     <span class='ocr_line' id='line_1_14' title="bbox 216 1668 1443 1757; baseline -0.002 -20"><span class='ocrx_word' id='word_1_129' title='bbox 216 1676 265 1737; x_wconf 89' lang='lat' dir='ltr'><strong>ter</strong></span> <span class='ocrx_word' id='word_1_130' title='bbox 286 1671 372 1737; x_wconf 91' lang='lat' dir='ltr'><strong>illius</strong></span> <span class='ocrx_word' id='word_1_131' title='bbox 395 1694 527 1737; x_wconf 88' lang='lat' dir='ltr'><strong>uxorem</strong></span> <span class='ocrx_word' id='word_1_132' title='bbox 550 1670 649 1757; x_wconf 90' lang='lat' dir='ltr'><strong>ipsius</strong></span> <span class='ocrx_word' id='word_1_133' title='bbox 669 1675 701 1736; x_wconf 93' lang='lat' dir='ltr'><strong>et</strong></span> <span class='ocrx_word' id='word_1_134' title='bbox 719 1670 848 1736; x_wconf 89' lang='lat' dir='ltr'><strong>suscitet</strong></span> <span class='ocrx_word' id='word_1_135' title='bbox 859 1694 967 1736; x_wconf 89' lang='lat' dir='ltr'><strong>semen</strong></span> <span class='ocrx_word' id='word_1_136' title='bbox 980 1669 1070 1735; x_wconf 87' lang='lat' dir='ltr'><strong>fratri</strong></span> <span class='ocrx_word' id='word_1_137' title='bbox 1081 1694 1147 1735; x_wconf 88' lang='lat' dir='ltr'><strong>suo.</strong></span> <span class='ocrx_word' id='word_1_138' title='bbox 1171 1668 1199 1706; x_wconf 84' lang='grc'><strong>33</strong></span> <span class='ocrx_word' id='word_1_139' title='bbox 1220 1670 1323 1735; x_wconf 79' lang='lat' dir='ltr'><strong>Erant</strong></span> <span class='ocrx_word' id='word_1_140' title='bbox 1337 1677 1443 1736; x_wconf 88' lang='lat' dir='ltr'><strong>autem</strong></span> 
     </span>
     <span class='ocr_line' id='line_1_15' title="bbox 217 1772 1445 1861; baseline -0.001 -24"><span class='ocrx_word' id='word_1_141' title='bbox 217 1778 293 1859; x_wconf 92' lang='lat' dir='ltr'><strong>aput</strong></span> <span class='ocrx_word' id='word_1_142' title='bbox 314 1797 371 1840; x_wconf 92' lang='lat' dir='ltr'><strong>nos</strong></span> <span class='ocrx_word' id='word_1_143' title='bbox 394 1780 514 1861; x_wconf 87' lang='lat' dir='ltr'><strong>septem</strong></span> <span class='ocrx_word' id='word_1_144' title='bbox 536 1772 649 1838; x_wconf 82' lang='lat' dir='ltr'><strong>fratres</strong></span> <span class='ocrx_word' id='word_1_145' title='bbox 677 1781 709 1838; x_wconf 91' lang='lat' dir='ltr'><strong>et</strong></span> <span class='ocrx_word' id='word_1_146' title='bbox 731 1773 850 1859; x_wconf 89' lang='lat' dir='ltr'><strong>primus</strong></span> <span class='ocrx_word' id='word_1_147' title='bbox 879 1796 979 1838; x_wconf 91' lang='lat' dir='ltr'><strong>uxore</strong></span> <span class='ocrx_word' id='word_1_148' title='bbox 1007 1773 1114 1837; x_wconf 90' lang='lat' dir='ltr'><strong>ducta</strong></span> <span class='ocrx_word' id='word_1_149' title='bbox 1129 1772 1297 1838; x_wconf 85' lang='lat' dir='ltr'><strong>defunctus</strong></span> <span class='ocrx_word' id='word_1_150' title='bbox 1329 1778 1380 1837; x_wconf 90' lang='lat' dir='ltr'><strong>est</strong></span> <span class='ocrx_word' id='word_1_151' title='bbox 1412 1777 1445 1836; x_wconf 87' lang='lat' dir='ltr'><strong>et</strong></span> 
     </span>
     <span class='ocr_line' id='line_1_16' title="bbox 216 1872 1446 1960; baseline -0.002 -20"><span class='ocrx_word' id='word_1_152' title='bbox 216 1898 278 1940; x_wconf 91' lang='lat' dir='ltr'><strong>non</strong></span> <span class='ocrx_word' id='word_1_153' title='bbox 301 1877 420 1941; x_wconf 90' lang='lat' dir='ltr'><strong>habens</strong></span> <span class='ocrx_word' id='word_1_154' title='bbox 443 1899 550 1942; x_wconf 89' lang='lat' dir='ltr'><strong>semen</strong></span> <span class='ocrx_word' id='word_1_155' title='bbox 566 1881 598 1940; x_wconf 92' lang='lat' dir='ltr'><strong>et</strong></span> <span class='ocrx_word' id='word_1_156' title='bbox 619 1875 747 1960; x_wconf 92' lang='lat' dir='ltr'><strong>reliquit</strong></span> <span class='ocrx_word' id='word_1_157' title='bbox 768 1899 900 1940; x_wconf 92' lang='lat' dir='ltr'><strong>uxorem</strong></span> <span class='ocrx_word' id='word_1_158' title='bbox 923 1899 1012 1940; x_wconf 88' lang='lat' dir='ltr'><strong>suam</strong></span> <span class='ocrx_word' id='word_1_159' title='bbox 1028 1874 1118 1940; x_wconf 84' lang='lat' dir='ltr'><strong>fratri</strong></span> <span class='ocrx_word' id='word_1_160' title='bbox 1133 1898 1200 1940; x_wconf 92' lang='lat' dir='ltr'><strong>suo.</strong></span> <span class='ocrx_word' id='word_1_161' title='bbox 1232 1872 1260 1911; x_wconf 81' lang='grc'><strong>33</strong></span> <span class='ocrx_word' id='word_1_162' title='bbox 1289 1873 1446 1941; x_wconf 85' lang='lat' dir='ltr'><strong>Similiter</strong></span> 
     </span>
     <span class='ocr_line' id='line_1_17' title="bbox 216 1977 1446 2065; baseline -0.002 -23"><span class='ocrx_word' id='word_1_163' title='bbox 216 1978 373 2043; x_wconf 91' lang='lat' dir='ltr'><strong>secundus</strong></span> <span class='ocrx_word' id='word_1_164' title='bbox 396 1984 428 2044; x_wconf 88' lang='lat' dir='ltr'><strong>et</strong></span> <span class='ocrx_word' id='word_1_165' title='bbox 449 1978 562 2044; x_wconf 89' lang='lat' dir='ltr'><strong>tertius</strong></span> <span class='ocrx_word' id='word_1_166' title='bbox 585 2000 686 2065; x_wconf 92' lang='lat' dir='ltr'><strong>usque</strong></span> <span class='ocrx_word' id='word_1_167' title='bbox 709 1978 749 2042; x_wconf 91' lang='lat' dir='ltr'><strong>ad</strong></span> <span class='ocrx_word' id='word_1_168' title='bbox 777 1977 957 2064; x_wconf 90' lang='lat' dir='ltr'><strong>septimum.</strong></span> <span class='ocrx_word' id='word_1_169' title='bbox 990 1977 1017 2015; x_wconf 82' lang='grc'><strong>33</strong></span> <span class='ocrx_word' id='word_1_170' title='bbox 1044 1977 1228 2042; x_wconf 87' lang='lat' dir='ltr'><strong>Nouissime</strong></span> <span class='ocrx_word' id='word_1_171' title='bbox 1249 1983 1355 2042; x_wconf 92' lang='lat' dir='ltr'><strong>autem</strong></span> <span class='ocrx_word' id='word_1_172' title='bbox 1382 2000 1446 2042; x_wconf 93' lang='lat' dir='ltr'><strong>om-</strong></span> 
     </span>
     <span class='ocr_line' id='line_1_18' title="bbox 216 2076 1447 2166; baseline -0.001 -20"><span class='ocrx_word' id='word_1_173' title='bbox 216 2082 304 2146; x_wconf 91' lang='lat' dir='ltr'><strong>nium</strong></span> <span class='ocrx_word' id='word_1_174' title='bbox 329 2093 361 2147; x_wconf 91' lang='lat' dir='ltr'><strong>et</strong></span> <span class='ocrx_word' id='word_1_175' title='bbox 384 2080 497 2146; x_wconf 89' lang='lat' dir='ltr'><strong>mulier</strong></span> <span class='ocrx_word' id='word_1_176' title='bbox 519 2080 668 2146; x_wconf 82' lang='lat' dir='ltr'><strong>defuncta</strong></span> <span class='ocrx_word' id='word_1_177' title='bbox 690 2089 745 2148; x_wconf 90' lang='lat' dir='ltr'><strong>est.</strong></span> <span class='ocrx_word' id='word_1_178' title='bbox 772 2078 798 2116; x_wconf 80' lang='grc'><strong>33</strong></span> <span class='ocrx_word' id='word_1_179' title='bbox 828 2082 867 2145; x_wconf 91' lang='lat' dir='ltr'><strong>In</strong></span> <span class='ocrx_word' id='word_1_180' title='bbox 897 2079 1126 2146; x_wconf 87' lang='lat' dir='ltr'><strong>resurrectione</strong></span> <span class='ocrx_word' id='word_1_181' title='bbox 1155 2103 1227 2166; x_wconf 92' lang='lat' dir='ltr'><strong>ergo</strong></span> <span class='ocrx_word' id='word_1_182' title='bbox 1262 2077 1352 2145; x_wconf 89' lang='lat' dir='ltr'><strong>ouius</strong></span> <span class='ocrx_word' id='word_1_183' title='bbox 1386 2076 1447 2145; x_wconf 88' lang='lat' dir='ltr'><strong>erit</strong></span> 
     </span>
     <span class='ocr_line' id='line_1_19' title="bbox 217 2181 1445 2269; baseline -0.003 -20"><span class='ocrx_word' id='word_1_184' title='bbox 217 2185 256 2249; x_wconf 92' lang='lat' dir='ltr'><strong>de</strong></span> <span class='ocrx_word' id='word_1_185' title='bbox 278 2190 398 2269; x_wconf 90' lang='lat' dir='ltr'><strong>septem</strong></span> <span class='ocrx_word' id='word_1_186' title='bbox 421 2207 509 2248; x_wconf 91' lang='lat' dir='ltr'><strong>uxor.</strong></span> <span class='ocrx_word' id='word_1_187' title='bbox 533 2206 642 2248; x_wconf 89' lang='lat' dir='ltr'><strong>omnes</strong></span> <span class='ocrx_word' id='word_1_188' title='bbox 656 2181 760 2267; x_wconf 78' lang='lat' dir='ltr'><strong>[euim]</strong></span> <span class='ocrx_word' id='word_1_189' title='bbox 773 2184 953 2248; x_wconf 90' lang='lat' dir='ltr'><strong>habuerunt</strong></span> <span class='ocrx_word' id='word_1_190' title='bbox 974 2183 1040 2247; x_wconf 78' lang='lat' dir='ltr'><strong>illa.</strong></span> <span class='ocrx_word' id='word_1_191' title='bbox 1065 2181 1092 2220; x_wconf 79' lang='lat'><strong>²⁹</strong></span> <span class='ocrx_word' id='word_1_192' title='bbox 1114 2183 1322 2268; x_wconf 80' lang='lat' dir='ltr'><strong>Respondens</strong></span> <span class='ocrx_word' id='word_1_193' title='bbox 1339 2187 1445 2246; x_wconf 92' lang='lat' dir='ltr'><strong>autem</strong></span> 
     </span>
     <span class='ocr_line' id='line_1_20' title="bbox 216 2283 1443 2372; baseline -0.003 -22"><span class='ocrx_word' id='word_1_194' title='bbox 216 2285 267 2351; x_wconf 84' lang='lat' dir='ltr'><strong>ihs</strong></span> <span class='ocrx_word' id='word_1_195' title='bbox 280 2285 324 2351; x_wconf 90' lang='lat' dir='ltr'><strong>ait</strong></span> <span class='ocrx_word' id='word_1_196' title='bbox 335 2286 408 2351; x_wconf 91' lang='lat' dir='ltr'><strong>illis.</strong></span> <span class='ocrx_word' id='word_1_197' title='bbox 423 2285 535 2351; x_wconf 89' lang='lat' dir='ltr'><strong>erratis</strong></span> <span class='ocrx_word' id='word_1_198' title='bbox 547 2286 724 2352; x_wconf 87' lang='lat' dir='ltr'><strong>nescientes</strong></span> <span class='ocrx_word' id='word_1_199' title='bbox 736 2286 908 2372; x_wconf 90' lang='lat' dir='ltr'><strong>scripturas</strong></span> <span class='ocrx_word' id='word_1_200' title='bbox 919 2308 1023 2370; x_wconf 90' lang='lat' dir='ltr'><strong>neque</strong></span> <span class='ocrx_word' id='word_1_201' title='bbox 1036 2285 1187 2350; x_wconf 87' lang='lat' dir='ltr'><strong>uirtutem</strong></span> <span class='ocrx_word' id='word_1_202' title='bbox 1200 2285 1241 2350; x_wconf 91' lang='lat' dir='ltr'><strong>di.</strong></span> <span class='ocrx_word' id='word_1_203' title='bbox 1256 2283 1284 2322; x_wconf 89' lang='grc'><strong>33</strong></span> <span class='ocrx_word' id='word_1_204' title='bbox 1298 2285 1330 2348; x_wconf 89' lang='lat' dir='ltr'><strong>in</strong></span> <span class='ocrx_word' id='word_1_205' title='bbox 1342 2306 1443 2349; x_wconf 92' lang='lat' dir='ltr'><strong>resur·</strong></span> 
     </span>
     <span class='ocr_line' id='line_1_21' title="bbox 217 2385 1447 2474; baseline -0.002 -22"><span class='ocrx_word' id='word_1_206' title='bbox 217 2389 356 2454; x_wconf 88' lang='lat' dir='ltr'><strong>rectione</strong></span> <span class='ocrx_word' id='word_1_207' title='bbox 379 2388 463 2454; x_wconf 88' lang='lat' dir='ltr'><strong>enim</strong></span> <span class='ocrx_word' id='word_1_208' title='bbox 485 2411 590 2473; x_wconf 89' lang='lat' dir='ltr'><strong>neque</strong></span> <span class='ocrx_word' id='word_1_209' title='bbox 612 2389 737 2453; x_wconf 89' lang='lat' dir='ltr'><strong>nubunt</strong></span> <span class='ocrx_word' id='word_1_210' title='bbox 757 2411 861 2474; x_wconf 90' lang='lat' dir='ltr'><strong>neque</strong></span> <span class='ocrx_word' id='word_1_211' title='bbox 892 2411 1007 2452; x_wconf 90' lang='lat' dir='ltr'><strong>uxores</strong></span> <span class='ocrx_word' id='word_1_212' title='bbox 1034 2389 1153 2452; x_wconf 88' lang='lat' dir='ltr'><strong>ducunt</strong></span> <span class='ocrx_word' id='word_1_213' title='bbox 1181 2388 1235 2452; x_wconf 90' lang='lat' dir='ltr'><strong>sed</strong></span> <span class='ocrx_word' id='word_1_214' title='bbox 1265 2392 1339 2452; x_wconf 91' lang='lat' dir='ltr'><strong>sunt</strong></span> <span class='ocrx_word' id='word_1_215' title='bbox 1365 2385 1447 2451; x_wconf 83' lang='lat' dir='ltr'><strong>sicut</strong></span> 
     </span>
     <span class='ocr_line' id='line_1_22' title="bbox 216 2487 1446 2575; baseline -0.002 -20"><span class='ocrx_word' id='word_1_216' title='bbox 216 2491 321 2575; x_wconf 86' lang='lat' dir='ltr'><strong>angeli</strong></span> <span class='ocrx_word' id='word_1_217' title='bbox 343 2491 377 2555; x_wconf 95' lang='lat' dir='ltr'><strong>in</strong></span> <span class='ocrx_word' id='word_1_218' title='bbox 399 2491 495 2557; x_wconf 90' lang='lat' dir='ltr'><strong>caelo.</strong></span> <span class='ocrx_word' id='word_1_219' title='bbox 519 2489 546 2526; x_wconf 81' lang='grc'><strong>33</strong></span> <span class='ocrx_word' id='word_1_220' title='bbox 570 2493 620 2555; x_wconf 88' lang='grc' dir='ltr'><strong>Ι)θ</strong></span> <span class='ocrx_word' id='word_1_221' title='bbox 643 2491 873 2556; x_wconf 87' lang='lat' dir='ltr'><strong>resurrectione</strong></span> <span class='ocrx_word' id='word_1_222' title='bbox 895 2497 1002 2555; x_wconf 87' lang='lat' dir='ltr'><strong>autem</strong></span> <span class='ocrx_word' id='word_1_223' title='bbox 1026 2498 1221 2555; x_wconf 89' lang='lat' dir='ltr'><strong>mortuorum</strong></span> <span class='ocrx_word' id='word_1_224' title='bbox 1243 2512 1306 2554; x_wconf 90' lang='lat' dir='ltr'><strong>non</strong></span> <span class='ocrx_word' id='word_1_225' title='bbox 1324 2487 1446 2573; x_wconf 84' lang='lat' dir='ltr'><strong>legistis</strong></span> 
     </span>
     <span class='ocr_line' id='line_1_23' title="bbox 216 2590 1446 2679; baseline -0.004 -22"><span class='ocrx_word' id='word_1_226' title='bbox 216 2594 299 2679; x_wconf 91' lang='lat' dir='ltr'><strong>quod</strong></span> <span class='ocrx_word' id='word_1_227' title='bbox 322 2593 443 2659; x_wconf 91' lang='lat' dir='ltr'><strong>dictum</strong></span> <span class='ocrx_word' id='word_1_228' title='bbox 465 2599 513 2658; x_wconf 91' lang='lat' dir='ltr'><strong>est</strong></span> <span class='ocrx_word' id='word_1_229' title='bbox 533 2593 624 2657; x_wconf 91' lang='lat' dir='ltr'><strong>uobis</strong></span> <span class='ocrx_word' id='word_1_230' title='bbox 646 2617 665 2657; x_wconf 92' lang='lat' dir='ltr'><strong>a</strong></span> <span class='ocrx_word' id='word_1_231' title='bbox 687 2593 726 2657; x_wconf 81' lang='lat' dir='ltr'><strong>do</strong></span> <span class='ocrx_word' id='word_1_232' title='bbox 748 2593 882 2659; x_wconf 89' lang='lat' dir='ltr'><strong>dicente.</strong></span> <span class='ocrx_word' id='word_1_233' title='bbox 896 2591 923 2629; x_wconf 84' lang='grc'><strong>33</strong></span> <span class='ocrx_word' id='word_1_234' title='bbox 937 2615 995 2678; x_wconf 89' lang='lat' dir='ltr'><strong>ego</strong></span> <span class='ocrx_word' id='word_1_235' title='bbox 1018 2615 1088 2659; x_wconf 91' lang='lat' dir='ltr'><strong>sum</strong></span> <span class='ocrx_word' id='word_1_236' title='bbox 1111 2593 1149 2656; x_wconf 76' lang='lat' dir='ltr'><strong>ds</strong></span> <span class='ocrx_word' id='word_1_237' title='bbox 1172 2593 1322 2656; x_wconf 82' lang='lat' dir='ltr'><strong>ahraham</strong></span> <span class='ocrx_word' id='word_1_238' title='bbox 1350 2595 1383 2656; x_wconf 92' lang='lat' dir='ltr'><strong>et</strong></span> <span class='ocrx_word' id='word_1_239' title='bbox 1409 2590 1446 2654; x_wconf 75' lang='lat' dir='ltr'><strong>ds</strong></span> 
     </span>
     <span class='ocr_line' id='line_1_24' title="bbox 216 2693 1446 2763; baseline -0.002 -3"><span class='ocrx_word' id='word_1_240' title='bbox 216 2695 282 2763; x_wconf 87' lang='lat' dir='ltr'><strong>isac</strong></span> <span class='ocrx_word' id='word_1_241' title='bbox 304 2703 336 2761; x_wconf 92' lang='lat' dir='ltr'><strong>et</strong></span> <span class='ocrx_word' id='word_1_242' title='bbox 357 2697 394 2761; x_wconf 77' lang='lat' dir='ltr'><strong>ds</strong></span> <span class='ocrx_word' id='word_1_243' title='bbox 416 2695 513 2762; x_wconf 90' lang='lat' dir='ltr'><strong>iacob.</strong></span> <span class='ocrx_word' id='word_1_244' title='bbox 543 2719 607 2760; x_wconf 93' lang='lat' dir='ltr'><strong>non</strong></span> <span class='ocrx_word' id='word_1_245' title='bbox 630 2702 678 2761; x_wconf 92' lang='lat' dir='ltr'><strong>est</strong></span> <span class='ocrx_word' id='word_1_246' title='bbox 700 2697 737 2760; x_wconf 75' lang='lat' dir='ltr'><strong>ds</strong></span> <span class='ocrx_word' id='word_1_247' title='bbox 760 2703 956 2762; x_wconf 89' lang='lat' dir='ltr'><strong>mortuorum</strong></span> <span class='ocrx_word' id='word_1_248' title='bbox 972 2696 1027 2761; x_wconf 91' lang='lat' dir='ltr'><strong>sed</strong></span> <span class='ocrx_word' id='word_1_249' title='bbox 1043 2695 1233 2761; x_wconf 89' lang='lat' dir='ltr'><strong>uiuentium.</strong></span> <span class='ocrx_word' id='word_1_250' title='bbox 1258 2693 1285 2730; x_wconf 89' lang='grc'><strong>33</strong></span> <span class='ocrx_word' id='word_1_251' title='bbox 1307 2695 1352 2760; x_wconf 86' lang='grc' dir='ltr'><strong>Εῖ</strong></span> <span class='ocrx_word' id='word_1_252' title='bbox 1376 2715 1446 2758; x_wconf 89' lang='lat' dir='ltr'><strong>oum</strong></span> 
     </span>
     <span class='ocr_line' id='line_1_25' title="bbox 217 2795 1446 2884; baseline -0.003 -20"><span class='ocrx_word' id='word_1_253' title='bbox 217 2799 379 2864; x_wconf 89' lang='lat' dir='ltr'><strong>audissent</strong></span> <span class='ocrx_word' id='word_1_254' title='bbox 400 2799 511 2864; x_wconf 88' lang='lat' dir='ltr'><strong>turbae</strong></span> <span class='ocrx_word' id='word_1_255' title='bbox 533 2797 728 2864; x_wconf 87' lang='lat' dir='ltr'><strong>mirabantur</strong></span> <span class='ocrx_word' id='word_1_256' title='bbox 751 2821 847 2884; x_wconf 89' lang='lat' dir='ltr'><strong>super</strong></span> <span class='ocrx_word' id='word_1_257' title='bbox 870 2798 1013 2864; x_wconf 90' lang='lat' dir='ltr'><strong>doctrina</strong></span> <span class='ocrx_word' id='word_1_258' title='bbox 1035 2797 1114 2863; x_wconf 89' lang='lat' dir='ltr'><strong>eius.</strong></span> <span class='ocrx_word' id='word_1_259' title='bbox 1143 2795 1172 2833; x_wconf 87' lang='grc'><strong>33</strong></span> <span class='ocrx_word' id='word_1_260' title='bbox 1199 2795 1367 2861; x_wconf 90' lang='lat' dir='ltr'><strong>Pharisaei</strong></span> <span class='ocrx_word' id='word_1_261' title='bbox 1395 2819 1446 2861; x_wconf 91' lang='lat' dir='ltr'><strong>au·</strong></span> 
     </span>
     <span class='ocr_line' id='line_1_26' title="bbox 217 2899 1446 2986; baseline -0.002 -20"><span class='ocrx_word' id='word_1_262' title='bbox 217 2909 282 2966; x_wconf 89' lang='lat' dir='ltr'><strong>tem</strong></span> <span class='ocrx_word' id='word_1_263' title='bbox 305 2900 470 2966; x_wconf 88' lang='lat' dir='ltr'><strong>audientes</strong></span> <span class='ocrx_word' id='word_1_264' title='bbox 491 2901 576 2985; x_wconf 90' lang='lat' dir='ltr'><strong>quod</strong></span> <span class='ocrx_word' id='word_1_265' title='bbox 598 2901 760 2966; x_wconf 89' lang='lat' dir='ltr'><strong>silentium</strong></span> <span class='ocrx_word' id='word_1_266' title='bbox 781 2900 973 2986; x_wconf 87' lang='lat' dir='ltr'><strong>inposuisset</strong></span> <span class='ocrx_word' id='word_1_267' title='bbox 994 2900 1158 2966; x_wconf 88' lang='lat' dir='ltr'><strong>saducaeis</strong></span> <span class='ocrx_word' id='word_1_268' title='bbox 1173 2903 1393 2965; x_wconf 89' lang='lat' dir='ltr'><strong>conuenerunt</strong></span> <span class='ocrx_word' id='word_1_269' title='bbox 1408 2899 1446 2963; x_wconf 92' lang='lat' dir='ltr'><strong>ad</strong></span> 
     </span>
     <span class='ocr_line' id='line_1_27' title="bbox 218 3001 1447 3089; baseline -0.003 -21"><span class='ocrx_word' id='word_1_270' title='bbox 218 3028 300 3069; x_wconf 90' lang='lat' dir='ltr'><strong>eum.</strong></span> <span class='ocrx_word' id='word_1_271' title='bbox 325 3001 352 3042; x_wconf 84' lang='grc'><strong>33</strong></span> <span class='ocrx_word' id='word_1_272' title='bbox 374 3004 418 3069; x_wconf 82' lang='grc' dir='ltr'><strong>Εῖ</strong></span> <span class='ocrx_word' id='word_1_273' title='bbox 440 3002 648 3089; x_wconf 89' lang='lat' dir='ltr'><strong>interrogauit</strong></span> <span class='ocrx_word' id='word_1_274' title='bbox 671 3028 743 3068; x_wconf 88' lang='lat' dir='ltr'><strong>eum</strong></span> <span class='ocrx_word' id='word_1_275' title='bbox 767 3026 849 3068; x_wconf 91' lang='lat' dir='ltr'><strong>unus</strong></span> <span class='ocrx_word' id='word_1_276' title='bbox 873 3028 912 3069; x_wconf 90' lang='lat' dir='ltr'><strong>ex</strong></span> <span class='ocrx_word' id='word_1_277' title='bbox 935 3003 981 3068; x_wconf 90' lang='lat' dir='ltr'><strong>eis</strong></span> <span class='ocrx_word' id='word_1_278' title='bbox 1003 3004 1083 3088; x_wconf 89' lang='lat' dir='ltr'><strong>legis</strong></span> <span class='ocrx_word' id='word_1_279' title='bbox 1099 3002 1207 3068; x_wconf 88' lang='lat' dir='ltr'><strong>doctor</strong></span> <span class='ocrx_word' id='word_1_280' title='bbox 1222 3005 1360 3087; x_wconf 73' lang='lat' dir='ltr'><strong>temptas</strong></span> <span class='ocrx_word' id='word_1_281' title='bbox 1374 3023 1447 3066; x_wconf 93' lang='lat' dir='ltr'><strong>eum</strong></span> 
     </span>
     <span class='ocr_line' id='line_1_28' title="bbox 218 3100 1448 3191; baseline -0.002 -21"><span class='ocrx_word' id='word_1_282' title='bbox 218 3112 251 3171; x_wconf 90' lang='lat' dir='ltr'><strong>et</strong></span> <span class='ocrx_word' id='word_1_283' title='bbox 272 3103 431 3172; x_wconf 81' lang='lat' dir='ltr'><strong>dicens³6</strong></span> <span class='ocrx_word' id='word_1_284' title='bbox 442 3105 592 3190; x_wconf 88' lang='lat' dir='ltr'><strong>magister</strong></span> <span class='ocrx_word' id='word_1_285' title='bbox 613 3106 698 3191; x_wconf 92' lang='lat' dir='ltr'><strong>quod</strong></span> <span class='ocrx_word' id='word_1_286' title='bbox 721 3112 768 3170; x_wconf 88' lang='lat' dir='ltr'><strong>est</strong></span> <span class='ocrx_word' id='word_1_287' title='bbox 790 3106 972 3170; x_wconf 89' lang='lat' dir='ltr'><strong>mandatum</strong></span> <span class='ocrx_word' id='word_1_288' title='bbox 997 3129 1145 3189; x_wconf 88' lang='lat' dir='ltr'><strong>magnum</strong></span> <span class='ocrx_word' id='word_1_289' title='bbox 1169 3103 1204 3169; x_wconf 90' lang='lat' dir='ltr'><strong>in</strong></span> <span class='ocrx_word' id='word_1_290' title='bbox 1225 3103 1303 3187; x_wconf 82' lang='lat' dir='ltr'><strong>lege.</strong></span> <span class='ocrx_word' id='word_1_291' title='bbox 1332 3100 1360 3139; x_wconf 84' lang='grc'><strong>33</strong></span> <span class='ocrx_word' id='word_1_292' title='bbox 1387 3102 1448 3167; x_wconf 90' lang='lat' dir='ltr'><strong>Ait</strong></span> 
     </span>
     <span class='ocr_line' id='line_1_29' title="bbox 219 3194 1448 3292; baseline -0.005 -19"><span class='ocrx_word' id='word_1_293' title='bbox 219 3208 266 3273; x_wconf 89' lang='lat' dir='ltr'><strong>illi</strong></span> <span class='ocrx_word' id='word_1_294' title='bbox 288 3208 348 3272; x_wconf 86' lang='lat' dir='ltr'><strong>ihs.</strong></span> <span class='ocrx_word' id='word_1_295' title='bbox 373 3207 481 3292; x_wconf 89' lang='lat' dir='ltr'><strong>diligis</strong></span> <span class='ocrx_word' id='word_1_296' title='bbox 503 3209 575 3273; x_wconf 80' lang='lat' dir='ltr'><strong>doffl</strong></span> <span class='ocrx_word' id='word_1_297' title='bbox 598 3209 650 3273; x_wconf 77' lang='lat' dir='ltr'><strong>dm</strong></span> <span class='ocrx_word' id='word_1_298' title='bbox 673 3216 764 3273; x_wconf 88' lang='lat' dir='ltr'><strong>tuum</strong></span> <span class='ocrx_word' id='word_1_299' title='bbox 787 3208 821 3273; x_wconf 91' lang='lat' dir='ltr'><strong>in</strong></span> <span class='ocrx_word' id='word_1_300' title='bbox 844 3214 910 3273; x_wconf 87' lang='lat' dir='ltr'><strong>toto</strong></span> <span class='ocrx_word' id='word_1_301' title='bbox 934 3207 1102 3273; x_wconf 90' lang='lat' dir='ltr'><strong>cordetuo</strong></span> <span class='ocrx_word' id='word_1_302' title='bbox 1132 3216 1163 3272; x_wconf 89' lang='lat' dir='ltr'><strong>et</strong></span> <span class='ocrx_word' id='word_1_303' title='bbox 1188 3194 1224 3270; x_wconf 92' lang='lat' dir='ltr'><strong>in</strong></span> <span class='ocrx_word' id='word_1_304' title='bbox 1253 3212 1320 3271; x_wconf 87' lang='lat' dir='ltr'><strong>tota</strong></span> <span class='ocrx_word' id='word_1_305' title='bbox 1341 3204 1448 3268; x_wconf 91' lang='lat' dir='ltr'><strong>anima</strong></span> 
     </span>
     <span class='ocr_line' id='line_1_30' title="bbox 219 3306 1448 3394; baseline -0.005 -18"><span class='ocrx_word' id='word_1_306' title='bbox 219 3317 274 3376; x_wconf 92' lang='lat' dir='ltr'><strong>tua</strong></span> <span class='ocrx_word' id='word_1_307' title='bbox 297 3316 330 3376; x_wconf 94' lang='lat' dir='ltr'><strong>et</strong></span> <span class='ocrx_word' id='word_1_308' title='bbox 357 3311 392 3375; x_wconf 93' lang='lat' dir='ltr'><strong>in</strong></span> <span class='ocrx_word' id='word_1_309' title='bbox 415 3316 481 3376; x_wconf 93' lang='lat' dir='ltr'><strong>tota</strong></span> <span class='ocrx_word' id='word_1_310' title='bbox 502 3316 609 3376; x_wconf 91' lang='lat' dir='ltr'><strong>mente</strong></span> <span class='ocrx_word' id='word_1_311' title='bbox 632 3320 697 3375; x_wconf 92' lang='lat' dir='ltr'><strong>tua.</strong></span> <span class='ocrx_word' id='word_1_312' title='bbox 721 3309 748 3347; x_wconf 86' lang='grc'><strong>33</strong></span> <span class='ocrx_word' id='word_1_313' title='bbox 761 3311 820 3378; x_wconf 93' lang='lat' dir='ltr'><strong>hoc</strong></span> <span class='ocrx_word' id='word_1_314' title='bbox 842 3314 890 3376; x_wconf 89' lang='lat' dir='ltr'><strong>est</strong></span> <span class='ocrx_word' id='word_1_315' title='bbox 912 3309 1088 3375; x_wconf 90' lang='lat' dir='ltr'><strong>maximum</strong></span> <span class='ocrx_word' id='word_1_316' title='bbox 1111 3316 1143 3375; x_wconf 92' lang='lat' dir='ltr'><strong>et</strong></span> <span class='ocrx_word' id='word_1_317' title='bbox 1168 3308 1306 3394; x_wconf 88' lang='lat' dir='ltr'><strong>primum</strong></span> <span class='ocrx_word' id='word_1_318' title='bbox 1322 3306 1448 3371; x_wconf 89' lang='lat' dir='ltr'><strong>manda-</strong></span> 
     </span>
     <span class='ocr_line' id='line_1_31' title="bbox 218 3410 1448 3497; baseline -0.003 -20"><span class='ocrx_word' id='word_1_319' title='bbox 218 3417 295 3477; x_wconf 90' lang='lat' dir='ltr'><strong>tum.</strong></span> <span class='ocrx_word' id='word_1_320' title='bbox 320 3411 347 3450; x_wconf 90' lang='grc'><strong>33</strong></span> <span class='ocrx_word' id='word_1_321' title='bbox 369 3413 551 3479; x_wconf 82' lang='lat' dir='ltr'><strong>Secundum</strong></span> <span class='ocrx_word' id='word_1_322' title='bbox 581 3422 687 3478; x_wconf 86' lang='lat' dir='ltr'><strong>autem</strong></span> <span class='ocrx_word' id='word_1_323' title='bbox 710 3413 815 3478; x_wconf 88' lang='lat' dir='ltr'><strong>simile</strong></span> <span class='ocrx_word' id='word_1_324' title='bbox 838 3420 887 3477; x_wconf 90' lang='lat' dir='ltr'><strong>est</strong></span> <span class='ocrx_word' id='word_1_325' title='bbox 908 3411 983 3477; x_wconf 90' lang='lat' dir='ltr'><strong>huic</strong></span> <span class='ocrx_word' id='word_1_326' title='bbox 1011 3411 1120 3497; x_wconf 86' lang='lat' dir='ltr'><strong>diligis</strong></span> <span class='ocrx_word' id='word_1_327' title='bbox 1151 3410 1329 3497; x_wconf 88' lang='lat' dir='ltr'><strong>proximum</strong></span> <span class='ocrx_word' id='word_1_328' title='bbox 1357 3418 1448 3474; x_wconf 89' lang='lat' dir='ltr'><strong>tuum</strong></span> 
     </span>
     <span class='ocr_line' id='line_1_32' title="bbox 218 3512 1449 3601; baseline -0.002 -22"><span class='ocrx_word' id='word_1_329' title='bbox 218 3514 300 3581; x_wconf 91' lang='lat' dir='ltr'><strong>siout</strong></span> <span class='ocrx_word' id='word_1_330' title='bbox 331 3515 478 3601; x_wconf 89' lang='lat' dir='ltr'><strong>teipsum.</strong></span> <span class='ocrx_word' id='word_1_331' title='bbox 512 3512 541 3551; x_wconf 85' lang='lat'><strong>⁴⁰</strong></span> <span class='ocrx_word' id='word_1_332' title='bbox 573 3516 614 3579; x_wconf 90' lang='lat' dir='ltr'><strong>In</strong></span> <span class='ocrx_word' id='word_1_333' title='bbox 637 3514 830 3580; x_wconf 84' lang='lat' dir='ltr'><strong>hisduobus</strong></span> <span class='ocrx_word' id='word_1_334' title='bbox 854 3515 1011 3580; x_wconf 90' lang='lat' dir='ltr'><strong>mandatis</strong></span> <span class='ocrx_word' id='word_1_335' title='bbox 1034 3515 1184 3579; x_wconf 90' lang='lat' dir='ltr'><strong>uniuersa</strong></span> <span class='ocrx_word' id='word_1_336' title='bbox 1206 3514 1260 3578; x_wconf 91' lang='lat' dir='ltr'><strong>lex</strong></span> <span class='ocrx_word' id='word_1_337' title='bbox 1281 3513 1398 3599; x_wconf 88' lang='lat' dir='ltr'><strong>pendet</strong></span> <span class='ocrx_word' id='word_1_338' title='bbox 1418 3517 1449 3576; x_wconf 91' lang='lat' dir='ltr'><strong>et</strong></span> 
     </span>
     <span class='ocr_line' id='line_1_33' title="bbox 218 3611 1449 3704; baseline -0.003 -24"><span class='ocrx_word' id='word_1_339' title='bbox 218 3619 399 3704; x_wconf 88' lang='lat' dir='ltr'><strong>prophetae.</strong></span> <span class='ocrx_word' id='word_1_340' title='bbox 422 3616 450 3654; x_wconf 77' lang='grc'><strong>33</strong></span> <span class='ocrx_word' id='word_1_341' title='bbox 478 3617 685 3703; x_wconf 82' lang='lat' dir='ltr'><strong>Oongregatis</strong></span> <span class='ocrx_word' id='word_1_342' title='bbox 708 3623 814 3682; x_wconf 84' lang='lat' dir='ltr'><strong>autem</strong></span> <span class='ocrx_word' id='word_1_343' title='bbox 837 3616 1011 3703; x_wconf 86' lang='lat' dir='ltr'><strong>pharisaeis</strong></span> <span class='ocrx_word' id='word_1_344' title='bbox 1038 3615 1247 3701; x_wconf 87' lang='lat' dir='ltr'><strong>interrogauit</strong></span> <span class='ocrx_word' id='word_1_345' title='bbox 1273 3637 1327 3679; x_wconf 87' lang='lat' dir='ltr'><strong>eos</strong></span> <span class='ocrx_word' id='word_1_346' title='bbox 1349 3613 1401 3677; x_wconf 84' lang='lat' dir='ltr'><strong>ihs</strong></span> <span class='ocrx_word' id='word_1_347' title='bbox 1420 3611 1449 3648; x_wconf 82' lang='grc'><strong>33</strong></span> 
     </span>
     <span class='ocr_line' id='line_1_34' title="bbox 219 3713 1448 3806; baseline -0.005 -22"><span class='ocrx_word' id='word_1_348' title='bbox 219 3719 335 3785; x_wconf 87' lang='lat' dir='ltr'><strong>dicens.</strong></span> <span class='ocrx_word' id='word_1_349' title='bbox 358 3719 435 3806; x_wconf 90' lang='lat' dir='ltr'><strong>quid</strong></span> <span class='ocrx_word' id='word_1_350' title='bbox 464 3721 554 3804; x_wconf 83' lang='lat' dir='ltr'><strong>uehis</strong></span> <span class='ocrx_word' id='word_1_351' title='bbox 571 3720 698 3784; x_wconf 89' lang='lat' dir='ltr'><strong>uidetur</strong></span> <span class='ocrx_word' id='word_1_352' title='bbox 721 3719 759 3784; x_wconf 91' lang='lat' dir='ltr'><strong>de</strong></span> <span class='ocrx_word' id='word_1_353' title='bbox 781 3723 843 3804; x_wconf 79' lang='lat' dir='ltr'><strong>xpd</strong></span> <span class='ocrx_word' id='word_1_354' title='bbox 867 3719 957 3784; x_wconf 88' lang='lat' dir='ltr'><strong>cuius</strong></span> <span class='ocrx_word' id='word_1_355' title='bbox 978 3717 1080 3783; x_wconf 89' lang='lat' dir='ltr'><strong>filium</strong></span> <span class='ocrx_word' id='word_1_356' title='bbox 1092 3722 1128 3798; x_wconf 86' lang='lat' dir='ltr'><strong>(l)</strong></span> <span class='ocrx_word' id='word_1_357' title='bbox 1149 3717 1263 3783; x_wconf 87' lang='lat' dir='ltr'><strong>dicunt</strong></span> <span class='ocrx_word' id='word_1_358' title='bbox 1277 3715 1328 3798; x_wconf 89' lang='lat' dir='ltr'><strong>[ei]</strong></span> <span class='ocrx_word' id='word_1_359' title='bbox 1341 3713 1448 3779; x_wconf 85' lang='lat' dir='ltr'><strong>dauid.</strong></span> 
     </span>
     <span class='ocr_line' id='line_1_35' title="bbox 218 3817 1451 3908; baseline -0.003 -22"><span class='ocrx_word' id='word_1_360' title='bbox 218 3820 246 3859; x_wconf 86' lang='grc'><strong>33</strong></span> <span class='ocrx_word' id='word_1_361' title='bbox 268 3822 328 3888; x_wconf 92' lang='lat' dir='ltr'><strong>Ait</strong></span> <span class='ocrx_word' id='word_1_362' title='bbox 349 3821 414 3888; x_wconf 93' lang='lat' dir='ltr'><strong>illis</strong></span> <span class='ocrx_word' id='word_1_363' title='bbox 441 3823 597 3908; x_wconf 90' lang='lat' dir='ltr'><strong>quomodo</strong></span> <span class='ocrx_word' id='word_1_364' title='bbox 624 3821 719 3886; x_wconf 90' lang='lat' dir='ltr'><strong>dauid</strong></span> <span class='ocrx_word' id='word_1_365' title='bbox 742 3844 815 3906; x_wconf 88' lang='lat' dir='ltr'><strong>ergo</strong></span> <span class='ocrx_word' id='word_1_366' title='bbox 837 3819 873 3885; x_wconf 93' lang='lat' dir='ltr'><strong>in</strong></span> <span class='ocrx_word' id='word_1_367' title='bbox 895 3829 954 3906; x_wconf 79' lang='lat' dir='ltr'><strong>spu</strong></span> <span class='ocrx_word' id='word_1_368' title='bbox 977 3830 1070 3885; x_wconf 89' lang='lat' dir='ltr'><strong>uocat</strong></span> <span class='ocrx_word' id='word_1_369' title='bbox 1092 3844 1164 3884; x_wconf 89' lang='lat' dir='ltr'><strong>eum</strong></span> <span class='ocrx_word' id='word_1_370' title='bbox 1192 3819 1264 3883; x_wconf 76' lang='lat' dir='ltr'><strong>dom</strong></span> <span class='ocrx_word' id='word_1_371' title='bbox 1298 3817 1404 3883; x_wconf 91' lang='lat' dir='ltr'><strong>dicens</strong></span> <span class='ocrx_word' id='word_1_372' title='bbox 1421 3817 1451 3855; x_wconf 89' lang='grc'><strong>33</strong></span> 
     </span>
     <span class='ocr_line' id='line_1_36' title="bbox 219 3919 1449 4008; baseline -0.002 -20"><span class='ocrx_word' id='word_1_373' title='bbox 219 3922 301 3989; x_wconf 89' lang='lat' dir='ltr'><strong>dixit</strong></span> <span class='ocrx_word' id='word_1_374' title='bbox 318 3924 378 3988; x_wconf 77' lang='lat' dir='ltr'><strong>dns</strong></span> <span class='ocrx_word' id='word_1_375' title='bbox 397 3925 459 3989; x_wconf 76' lang='lat' dir='ltr'><strong>dno</strong></span> <span class='ocrx_word' id='word_1_376' title='bbox 482 3947 552 3990; x_wconf 90' lang='lat' dir='ltr'><strong>meo</strong></span> <span class='ocrx_word' id='word_1_377' title='bbox 575 3924 649 3990; x_wconf 90' lang='lat' dir='ltr'><strong>sede</strong></span> <span class='ocrx_word' id='word_1_378' title='bbox 672 3948 690 3989; x_wconf 92' lang='lat' dir='ltr'><strong>a</strong></span> <span class='ocrx_word' id='word_1_379' title='bbox 712 3922 832 3988; x_wconf 87' lang='lat' dir='ltr'><strong>dextris</strong></span> <span class='ocrx_word' id='word_1_380' title='bbox 855 3922 934 3988; x_wconf 92' lang='lat' dir='ltr'><strong>meis</strong></span> <span class='ocrx_word' id='word_1_381' title='bbox 956 3922 1055 3987; x_wconf 90' lang='lat' dir='ltr'><strong>donec</strong></span> <span class='ocrx_word' id='word_1_382' title='bbox 1077 3945 1192 4008; x_wconf 88' lang='lat' dir='ltr'><strong>ponam</strong></span> <span class='ocrx_word' id='word_1_383' title='bbox 1214 3919 1359 3986; x_wconf 91' lang='lat' dir='ltr'><strong>inimicos</strong></span> <span class='ocrx_word' id='word_1_384' title='bbox 1378 3925 1449 3986; x_wconf 92' lang='lat' dir='ltr'><strong>tuos</strong></span> 
     </span>
     <span class='ocr_line' id='line_1_37' title="bbox 219 4022 1449 4114; baseline -0.005 -22"><span class='ocrx_word' id='word_1_385' title='bbox 219 4027 392 4093; x_wconf 87' lang='lat' dir='ltr'><strong>scabellum</strong></span> <span class='ocrx_word' id='word_1_386' title='bbox 414 4027 529 4114; x_wconf 91' lang='lat' dir='ltr'><strong>pedum</strong></span> <span class='ocrx_word' id='word_1_387' title='bbox 548 4035 683 4092; x_wconf 90' lang='lat' dir='ltr'><strong>tuorum.</strong></span> <span class='ocrx_word' id='word_1_388' title='bbox 707 4023 735 4064; x_wconf 84' lang='grc'><strong>33</strong></span> <span class='ocrx_word' id='word_1_389' title='bbox 754 4024 796 4090; x_wconf 85' lang='lat' dir='ltr'><strong>Si</strong></span> <span class='ocrx_word' id='word_1_390' title='bbox 819 4048 893 4110; x_wconf 88' lang='lat' dir='ltr'><strong>ergo</strong></span> <span class='ocrx_word' id='word_1_391' title='bbox 915 4025 1012 4089; x_wconf 91' lang='lat' dir='ltr'><strong>dauid</strong></span> <span class='ocrx_word' id='word_1_392' title='bbox 1035 4025 1068 4089; x_wconf 90' lang='lat' dir='ltr'><strong>in</strong></span> <span class='ocrx_word' id='word_1_393' title='bbox 1090 4023 1150 4111; x_wconf 73' lang='lat' dir='ltr'><strong>spii</strong></span> <span class='ocrx_word' id='word_1_394' title='bbox 1165 4028 1258 4089; x_wconf 90' lang='lat' dir='ltr'><strong>uocat</strong></span> <span class='ocrx_word' id='word_1_395' title='bbox 1281 4046 1354 4087; x_wconf 92' lang='lat' dir='ltr'><strong>eum</strong></span> <span class='ocrx_word' id='word_1_396' title='bbox 1377 4022 1449 4087; x_wconf 73' lang='lat' dir='ltr'><strong>dom</strong></span> 
     </span>
     <span class='ocr_line' id='line_1_38' title="bbox 219 4125 1449 4214; baseline -0.005 -20"><span class='ocrx_word' id='word_1_397' title='bbox 219 4131 375 4214; x_wconf 91' lang='lat' dir='ltr'><strong>quomodo</strong></span> <span class='ocrx_word' id='word_1_398' title='bbox 403 4129 487 4195; x_wconf 89' lang='lat' dir='ltr'><strong>filius</strong></span> <span class='ocrx_word' id='word_1_399' title='bbox 510 4130 578 4195; x_wconf 92' lang='lat' dir='ltr'><strong>eius</strong></span> <span class='ocrx_word' id='word_1_400' title='bbox 601 4135 656 4196; x_wconf 90' lang='lat' dir='ltr'><strong>est.</strong></span> <span class='ocrx_word' id='word_1_401' title='bbox 680 4127 709 4166; x_wconf 83' lang='grc'><strong>33</strong></span> <span class='ocrx_word' id='word_1_402' title='bbox 730 4129 775 4193; x_wconf 82' lang='grc' dir='ltr'><strong>Εῖ</strong></span> <span class='ocrx_word' id='word_1_403' title='bbox 796 4151 890 4193; x_wconf 89' lang='lat' dir='ltr'><strong>nemo</strong></span> <span class='ocrx_word' id='word_1_404' title='bbox 912 4133 1035 4214; x_wconf 89' lang='lat' dir='ltr'><strong>poterat</strong></span> <span class='ocrx_word' id='word_1_405' title='bbox 1059 4127 1247 4212; x_wconf 91' lang='lat' dir='ltr'><strong>respondere</strong></span> <span class='ocrx_word' id='word_1_406' title='bbox 1271 4125 1301 4191; x_wconf 92' lang='lat' dir='ltr'><strong>ei</strong></span> <span class='ocrx_word' id='word_1_407' title='bbox 1316 4127 1449 4190; x_wconf 91' lang='lat' dir='ltr'><strong>uerbum</strong></span> 
     </span>
    </p>
   </div>
   <div class='ocr_carea' id='block_1_3' title="bbox 218 4227 1448 4419">
    <p class='ocr_par' dir='ltr' id='par_1_11' title="bbox 218 4227 1448 4419">
     <span class='ocr_line' id='line_1_39' title="bbox 218 4227 1447 4318; baseline -0.003 -24"><span class='ocrx_word' id='word_1_408' title='bbox 218 4254 321 4316; x_wconf 88' lang='lat' dir='ltr'><strong>neque</strong></span> <span class='ocrx_word' id='word_1_409' title='bbox 343 4255 439 4298; x_wconf 92' lang='lat' dir='ltr'><strong>ausus</strong></span> <span class='ocrx_word' id='word_1_410' title='bbox 461 4238 508 4298; x_wconf 92' lang='lat' dir='ltr'><strong>est</strong></span> <span class='ocrx_word' id='word_1_411' title='bbox 530 4232 696 4318; x_wconf 89' lang='lat' dir='ltr'><strong>quisquam</strong></span> <span class='ocrx_word' id='word_1_412' title='bbox 719 4255 759 4296; x_wconf 90' lang='lat' dir='ltr'><strong>ex</strong></span> <span class='ocrx_word' id='word_1_413' title='bbox 781 4229 875 4312; x_wconf 69' lang='lat' dir='ltr'><strong>illic)</strong></span> <span class='ocrx_word' id='word_1_414' title='bbox 898 4229 950 4296; x_wconf 90' lang='lat' dir='ltr'><strong>die</strong></span> <span class='ocrx_word' id='word_1_415' title='bbox 972 4253 1045 4295; x_wconf 91' lang='lat' dir='ltr'><strong>eum</strong></span> <span class='ocrx_word' id='word_1_416' title='bbox 1071 4228 1208 4315; x_wconf 86' lang='lat' dir='ltr'><strong>amplius</strong></span> <span class='ocrx_word' id='word_1_417' title='bbox 1243 4227 1447 4310; x_wconf 86' lang='lat' dir='ltr'><strong>interrogare,</strong></span> 
     </span>
     <span class='ocr_line' id='line_1_40' title="bbox 305 4327 1448 4419; baseline -0.004 -22"><span class='ocrx_word' id='word_1_418' title='bbox 305 4334 414 4402; x_wconf 77' lang='lat' dir='ltr'>LXV.</span> <span class='ocrx_word' id='word_1_419' title='bbox 438 4338 476 4416; x_wconf 90' lang='lat' dir='ltr'><strong>(c.</strong></span> <span class='ocrx_word' id='word_1_420' title='bbox 501 4334 552 4419; x_wconf 80' lang='lat'><strong>23)</strong></span> <span class='ocrx_word' id='word_1_421' title='bbox 576 4334 587 4370; x_wconf 89' lang='lat'>¹</span> <span class='ocrx_word' id='word_1_422' title='bbox 615 4335 708 4399; x_wconf 82' lang='lat' dir='ltr'><strong>Tunc</strong></span> <span class='ocrx_word' id='word_1_423' title='bbox 729 4333 780 4397; x_wconf 84' lang='lat' dir='ltr'><strong>ihs</strong></span> <span class='ocrx_word' id='word_1_424' title='bbox 802 4335 928 4398; x_wconf 91' lang='lat' dir='ltr'><strong>locutus</strong></span> <span class='ocrx_word' id='word_1_425' title='bbox 951 4336 999 4396; x_wconf 90' lang='lat' dir='ltr'><strong>est</strong></span> <span class='ocrx_word' id='word_1_426' title='bbox 1020 4332 1060 4395; x_wconf 91' lang='lat' dir='ltr'><strong>ad</strong></span> <span class='ocrx_word' id='word_1_427' title='bbox 1088 4333 1196 4396; x_wconf 91' lang='lat' dir='ltr'><strong>turbas</strong></span> <span class='ocrx_word' id='word_1_428' title='bbox 1225 4336 1258 4396; x_wconf 91' lang='lat' dir='ltr'><strong>et</strong></span> <span class='ocrx_word' id='word_1_429' title='bbox 1287 4329 1328 4393; x_wconf 89' lang='lat' dir='ltr'><strong>ad</strong></span> <span class='ocrx_word' id='word_1_430' title='bbox 1357 4327 1448 4393; x_wconf 90' lang='lat' dir='ltr'><strong>disci-</strong></span> 
     </span>
    </p>
   </div>
   <div class='ocr_carea' id='block_1_4' title="bbox 220 4420 1568 4522">
    <p class='ocr_par' dir='ltr' id='par_1_12' title="bbox 220 4420 1568 4522">
     <span class='ocr_line' id='line_1_41' title="bbox 220 4420 1568 4522; baseline -0.005 -22"><span class='ocrx_word' id='word_1_431' title='bbox 220 4429 310 4522; x_wconf 86' lang='lat' dir='ltr'><strong>pulos</strong></span> <span class='ocrx_word' id='word_1_432' title='bbox 332 4435 559 4503; x_wconf 74' lang='lat' dir='ltr'><strong>su0s²dioens</strong></span> <span class='ocrx_word' id='word_1_433' title='bbox 584 4461 678 4522; x_wconf 92' lang='lat' dir='ltr'><strong>super</strong></span> <span class='ocrx_word' id='word_1_434' title='bbox 700 4435 882 4501; x_wconf 89' lang='lat' dir='ltr'><strong>cathedram</strong></span> <span class='ocrx_word' id='word_1_435' title='bbox 904 4433 1008 4520; x_wconf 91' lang='lat' dir='ltr'><strong>moysi</strong></span> <span class='ocrx_word' id='word_1_436' title='bbox 1030 4435 1178 4499; x_wconf 90' lang='lat' dir='ltr'><strong>sederunt</strong></span> <span class='ocrx_word' id='word_1_437' title='bbox 1189 4433 1309 4498; x_wconf 87' lang='lat' dir='ltr'><strong>scribae</strong></span> <span class='ocrx_word' id='word_1_438' title='bbox 1328 4435 1360 4496; x_wconf 90' lang='lat' dir='ltr'><strong>et</strong></span> <span class='ocrx_word' id='word_1_439' title='bbox 1374 4431 1450 4516; x_wconf 93' lang='lat' dir='ltr'><strong>pha·</strong></span> <span class='ocrx_word' id='word_1_440' title='bbox 1563 4420 1568 4428; x_wconf 54' lang='lat'>⁵</span> 
     </span>
    </p>
   </div>
   <div class='ocr_carea' id='block_1_5' title="bbox 219 4533 1451 4808">
    <p class='ocr_par' dir='ltr' id='par_1_13' title="bbox 219 4533 1451 4808">
     <span class='ocr_line' id='line_1_42' title="bbox 219 4533 1451 4625; baseline -0.003 -23"><span class='ocrx_word' id='word_1_441' title='bbox 219 4537 455 4605; x_wconf 79' lang='lat' dir='ltr'><strong>risaei³omnia</strong></span> <span class='ocrx_word' id='word_1_442' title='bbox 478 4562 552 4625; x_wconf 87' lang='lat' dir='ltr'><strong>ergo</strong></span> <span class='ocrx_word' id='word_1_443' title='bbox 574 4561 792 4622; x_wconf 88' lang='lat' dir='ltr'><strong>quaecumque</strong></span> <span class='ocrx_word' id='word_1_444' title='bbox 804 4537 944 4603; x_wconf 86' lang='lat' dir='ltr'><strong>dixerint</strong></span> <span class='ocrx_word' id='word_1_445' title='bbox 966 4536 1057 4601; x_wconf 91' lang='lat' dir='ltr'><strong>uobis</strong></span> <span class='ocrx_word' id='word_1_446' title='bbox 1079 4542 1206 4602; x_wconf 87' lang='lat' dir='ltr'><strong>seruate</strong></span> <span class='ocrx_word' id='word_1_447' title='bbox 1229 4539 1260 4601; x_wconf 90' lang='lat' dir='ltr'><strong>et</strong></span> <span class='ocrx_word' id='word_1_448' title='bbox 1282 4533 1388 4599; x_wconf 86' lang='lat' dir='ltr'><strong>facite.</strong></span> <span class='ocrx_word' id='word_1_449' title='bbox 1405 4556 1451 4598; x_wconf 89' lang='grc' dir='ltr'><strong>εθ-</strong></span> 
     </span>
     <span class='ocr_line' id='line_1_43' title="bbox 221 4635 1449 4722; baseline -0.003 -18"><span class='ocrx_word' id='word_1_450' title='bbox 221 4640 339 4706; x_wconf 79' lang='lat' dir='ltr'><strong>cfidnm</strong></span> <span class='ocrx_word' id='word_1_451' title='bbox 356 4641 443 4720; x_wconf 71' lang='lat' dir='ltr'><strong>¹facta</strong></span> <span class='ocrx_word' id='word_1_452' title='bbox 465 4665 541 4707; x_wconf 91' lang='lat' dir='ltr'><strong>uero</strong></span> <span class='ocrx_word' id='word_1_453' title='bbox 565 4641 693 4707; x_wconf 77' lang='lat' dir='ltr'><strong>eortina</strong></span> <span class='ocrx_word' id='word_1_454' title='bbox 709 4639 859 4706; x_wconf 83' lang='lat' dir='ltr'><strong>feceritis.</strong></span> <span class='ocrx_word' id='word_1_455' title='bbox 885 4639 996 4706; x_wconf 91' lang='lat' dir='ltr'><strong>dicunt</strong></span> <span class='ocrx_word' id='word_1_456' title='bbox 1017 4638 1102 4704; x_wconf 91' lang='lat' dir='ltr'><strong>enim</strong></span> <span class='ocrx_word' id='word_1_457' title='bbox 1119 4644 1152 4703; x_wconf 92' lang='lat' dir='ltr'><strong>et</strong></span> <span class='ocrx_word' id='word_1_458' title='bbox 1166 4636 1227 4722; x_wconf 86' lang='lat' dir='ltr'><strong>ipsi</strong></span> <span class='ocrx_word' id='word_1_459' title='bbox 1241 4659 1306 4702; x_wconf 89' lang='lat' dir='ltr'><strong>non</strong></span> <span class='ocrx_word' id='word_1_460' title='bbox 1320 4635 1449 4702; x_wconf 86' lang='lat' dir='ltr'><strong>faciunt.</strong></span> 
     </span>
     <span class='ocr_line' id='line_1_44' title="bbox 374 4739 1299 4808; baseline -0.003 -2"><span class='ocrx_word' id='word_1_461' title='bbox 374 4761 427 4808; x_wconf 83' lang='lat' dir='ltr'><strong>cod.</strong></span> <span class='ocrx_word' id='word_1_462' title='bbox 441 4759 505 4806; x_wconf 85' lang='lat' dir='ltr'><strong>corb.</strong></span> <span class='ocrx_word' id='word_1_463' title='bbox 1281 4739 1299 4793; x_wconf 75' lang='lat'><strong>2</strong></span> 
     </span>
    </p>
   </div>
   <div class='ocr_carea' id='block_1_6' title="bbox 0 0 1744 5192">
    <p class='ocr_par' dir='ltr' id='par_1_14' title="bbox 0 0 1744 5192">
     <span class='ocr_line' id='line_1_45' title="bbox 0 0 1744 5192; baseline 0 0"><span class='ocrx_word' id='word_1_464' title='bbox 0 0 1744 5192; x_wconf 95' lang='lat' dir='ltr'><strong> </strong></span> 
     </span>
    </p>
   </div>
  </div>
 </body>
</html>
