3467 5192
310 265 352 334 20
735 267 771 332 (c.
792 267 839 332 24)
863 265 1045 333 euangelium
1062 281 1117 320 seo.

309 441 488 503 reuertatur
509 440 617 501 tollere
638 434 779 501 tunicam
801 459 899 501 suam.
926 433 953 472 ¹⁹
982 435 1052 501 Uae
1087 441 1194 500 autem
1226 433 1471 521 praegnantibus
1503 433 1538 498 in

309 539 370 605 illis
393 538 510 605 diebus.
524 536 649 603 ²⁰orate
671 545 776 604 autem
800 547 836 604 ut
862 561 925 602 non
952 541 1007 602 fiat
1039 538 1115 622 fuga
1150 545 1258 603 uestra
1282 537 1316 602 in
1348 537 1454 602 hieme
1486 543 1537 602 uel

309 643 446 709 sabbato.
471 639 497 677 ²¹
519 640 591 706 Erit
614 640 699 705 enirn
724 643 824 720 [tunc]
847 641 1009 706 tribulatio
1030 664 1144 726 magna
1173 639 1274 725 qualis
1307 663 1371 704 non
1403 638 1467 704 fuit
1498 640 1537 704 ab

309 743 401 810 initio
424 744 531 810 saeculi
552 767 652 829 usque
675 743 767 808 modo
790 749 894 827 neque
915 744 979 808 fiet.
1013 741 1040 779 ²²
1073 744 1117 807 nt
1150 742 1212 807 nisi
1234 741 1370 807 breuiati
1402 740 1538 808 fuissent

309 847 377 913 dies
398 846 443 912 illi
465 869 530 911 non
550 847 640 911 fieret
662 850 749 910 salua
772 844 875 910 omnis
898 868 968 911 caro
991 846 1046 910 sed
1068 852 1195 931 propter
1217 851 1332 930 electos
1352 844 1537 909 breuiabun-

308 953 361 1014 tur
383 948 451 1014 dies
474 947 530 1013 illi.
555 946 581 985 ²³
605 948 696 1013 Tunc
718 946 746 1013 si
767 948 839 1033 quis
861 948 952 1012 uobis
975 946 1092 1013 dixerit
1118 970 1189 1012 ecce
1223 946 1275 1012 hio
1307 953 1356 1011 est
1387 951 1448 1033 xps
1470 951 1537 1024 [aut

308 1051 372 1117 illic
393 1050 492 1115 nolite
514 1050 641 1115 credere
653 1047 681 1086 ²⁴
690 1056 820 1135 surgent
848 1049 934 1114 enim
956 1049 1195 1136 pseudochristi]
1227 1056 1259 1115 et
1287 1049 1536 1135 pseudoprophe-

308 1161 360 1221 tae
382 1158 415 1218 et
437 1154 558 1218 dabunt
578 1152 669 1238 signa
691 1175 806 1237 magna
830 1160 862 1218 et
883 1151 1027 1238 prodigia
1049 1152 1094 1217 ita
1115 1151 1206 1218 utin
1230 1174 1366 1217 errorem
1389 1151 1537 1218 inducan-

308 1263 360 1323 tur
382 1256 410 1322 si
431 1254 499 1322 fieri
521 1260 641 1341 postest
662 1253 758 1321 etiam
782 1253 884 1321 electi.
898 1253 1008 1320 2⁶ecee
1023 1254 1167 1341 praedixi
1181 1254 1280 1320 uobis.
1311 1253 1338 1291 ²⁶
1370 1253 1407 1319 Si
1430 1262 1535 1320 autem

307 1359 448 1424 dixerint
468 1357 558 1424 uobis
581 1380 652 1423 ecoe
675 1356 708 1421 in
730 1357 853 1423 deserto
877 1366 924 1422 est
945 1356 1043 1422 nolite
1065 1357 1162 1422 exire.
1186 1366 1325 1424 auteoce
1346 1356 1380 1421 in
1394 1363 1536 1442 penetra

307 1462 390 1528 libus
412 1459 510 1526 nolite
532 1461 667 1525 credere.
714 1458 740 1497 ²⁷
784 1457 875 1525 Siout
897 1458 983 1524 enim
1004 1459 1109 1546 fulgur
1131 1460 1199 1524 exit
1220 1460 1259 1524 ab
1283 1459 1405 1524 oriente
1436 1467 1468 1524 et
1485 1459 1535 1524 ad-

306 1572 396 1650 paret
417 1586 518 1649 usque
539 1562 573 1627 in
600 1560 793 1628 occidentem
822 1561 867 1627 ita
898 1561 959 1627 erit
992 1567 1024 1627 et
1056 1562 1213 1627 aduentus
1244 1561 1289 1626 fili
1317 1559 1461 1627 hominis.
1509 1559 1536 1598 2⁸

306 1667 509 1751 Ubicumque
539 1665 624 1731 enirn
659 1664 756 1730 fuerit
787 1687 899 1750 corpus
932 1663 996 1730 illic
1026 1667 1298 1750 congregabuntur
1330 1663 1462 1749 aquilae.
1509 1662 1536 1701 ²⁹

309 1767 426 1834 Statim
449 1775 555 1836 autern
578 1776 650 1854 post
672 1767 908 1833 tribulationem
933 1766 1054 1833 dierum
1081 1767 1204 1832 illorum
1234 1773 1281 1833 sol
1309 1766 1533 1834 obscurabitur.

309 1876 341 1938 et
361 1876 436 1937 luna
458 1895 520 1937 non
543 1871 630 1935 dabit
651 1875 758 1936 lumen
781 1893 874 1935 suurn
897 1877 928 1936 et
947 1875 1055 1936 stellae
1077 1870 1190 1935 cadent
1211 1870 1250 1936 de
1279 1875 1354 1935 caelo
1376 1875 1409 1935 at
1434 1869 1533 1935 uirtu-

308 1981 356 2040 tes
389 1979 544 2039 caelorum
576 1975 859 2038 commonebuntur
881 1971 908 2009 ³⁰
930 1974 972 2054 [et
1004 1979 1080 2037 tunc
1102 1972 1226 2058 parebit
1251 1972 1377 2056 signum
1407 1971 1452 2036 fili
1479 1973 1533 2037 ho·

308 2076 404 2142 minis
427 2075 459 2140 in
483 2081 591 2154 caelo].
635 2076 680 2140 Et
701 2084 778 2140 tunc
799 2081 951 2160 plangent
973 2097 1006 2140 se
1028 2098 1137 2139 omnes
1159 2076 1259 2140 tribus
1277 2082 1379 2140 terrae
1398 2081 1431 2139 et
1448 2073 1534 2140 uide

307 2180 386 2244 bunt
406 2179 507 2243 filium
530 2177 669 2242 hominis
690 2177 872 2243 uenientem
896 2177 930 2241 in
952 2177 1087 2242 nubibus
1110 2177 1188 2242 caeli
1210 2201 1283 2244 oum
1302 2177 1421 2242 uirtute
1436 2183 1535 2242 multe

308 2287 340 2346 et
360 2280 535 2346 maiestate.
581 2279 607 2316 ³¹
652 2282 696 2346 Et
718 2281 823 2346 mittet
845 2284 971 2365 angelos
992 2302 1065 2344 suos
1088 2302 1159 2344 cum
1183 2281 1258 2345 tuba
1280 2287 1312 2345 et
1328 2303 1406 2346 uoce
1420 2303 1534 2364 magna

307 2392 339 2451 et
361 2385 595 2469 congregabunt
617 2383 758 2465 ele[c]tos
781 2381 850 2446 eius
873 2405 893 2446 a
914 2388 1049 2466 quatuor
1069 2383 1176 2448 uentis
1190 2406 1209 2447 a
1223 2383 1355 2448 summis
1379 2389 1534 2448 caelorum

307 2509 408 2572 usque
431 2486 471 2552 ad
492 2486 643 2551 terminos
665 2508 781 2550 eorum.
830 2483 856 2520 ³²
902 2485 934 2549 A
966 2485 1019 2550 fioi
1052 2492 1158 2549 autem
1181 2486 1292 2550 arbore
1314 2484 1427 2550 discite
1450 2508 1535 2572 para-

306 2591 408 2654 bolam
431 2587 605 2673 intellegite
627 2611 697 2653 cum
722 2588 783 2652 iarn
807 2612 913 2652 ramus
936 2587 1004 2653 eius
1026 2594 1116 2652 tener
1137 2587 1235 2653 fuerit
1257 2596 1289 2654 et
1314 2587 1389 2653 folia
1402 2610 1535 2653 nascun-

306 2698 358 2758 tur
379 2690 465 2756 scitis
488 2690 562 2776 quia
584 2712 679 2777 prope
701 2697 749 2754 est
770 2698 872 2755 aestas
884 2689 911 2728 ³⁸
923 2691 967 2755 ita
990 2695 1021 2755 et
1043 2713 1100 2755 uos
1122 2713 1194 2756 cum
1216 2689 1361 2756 uideritis
1375 2690 1453 2756 haee
1471 2713 1533 2754 om·

306 2793 359 2857 nia
380 2791 492 2858 scitote
515 2792 590 2877 quia
611 2815 706 2878 prope
729 2791 831 2858 estin
855 2791 986 2858 ieiuniis
1011 2792 1146 2874 [ianuis].
1172 2791 1200 2829 ³⁴
1230 2793 1338 2859 Arnen
1359 2791 1429 2858 dico
1441 2792 1531 2858 uobis

306 2894 381 2981 quia
424 2917 488 2960 non
530 2893 712 2980 praeteribit
754 2895 831 2959 haee
863 2894 1025 2979 generatio
1057 2895 1157 2960 donce
1176 2896 1269 2960 baec
1305 2895 1413 2960 omnia
1447 2897 1533 2960 fiant.

306 2995 333 3036 ³⁶
377 2995 511 3061 Ocelum
548 3002 580 3061 et
621 3003 703 3062 terra
744 2996 924 3062 transibunt
957 2999 1090 3062 uerbum
1124 3005 1198 3063 aute
1237 2999 1296 3065 hoe
1335 3022 1399 3064 non
1432 3003 1534 3084 prete·

306 3099 390 3165 ribit.
413 3097 441 3135 ³⁶
461 3100 514 3164 De
526 3098 577 3163 die
588 3104 694 3164 autem
707 3098 759 3164 illa
777 3105 808 3164 et
826 3099 904 3164 hora
925 3123 1019 3165 nemo
1041 3099 1101 3165 scit
1122 3124 1226 3185 neque
1248 3100 1352 3185 angeli
1376 3107 1531 3168 caelorum

305 3225 409 3288 neque
424 3201 508 3266 filius
524 3200 585 3266 nisi
602 3210 691 3287 pater
703 3207 797 3266 solue.
822 3199 849 3238 ³⁷
872 3201 964 3267 Siout
975 3207 1082 3267 autem
1095 3202 1128 3266 in
1147 3203 1257 3268 diebus
1274 3226 1333 3268 noe
1350 3203 1396 3268 ita
1418 3203 1479 3269 erit
1500 3210 1533 3268 et

307 3305 463 3370 aduentus
485 3303 543 3368 filii
564 3303 711 3368 hominis.
726 3301 846 3369 ³⁸siout
869 3303 952 3368 enim
977 3310 1067 3370 erant
1089 3304 1122 3368 in
1145 3305 1255 3371 diebus
1274 3305 1335 3370 illis
1362 3311 1435 3371 ante
1458 3306 1534 3369 dilu-

304 3407 391 3471 bium
414 3405 639 3470 manducantes
662 3412 694 3472 et
715 3405 858 3472 bibentes
882 3412 913 3471 et
939 3430 1053 3471 uxores
1082 3407 1234 3474 ducentes
1263 3431 1363 3494 usque
1391 3408 1426 3472 in
1458 3433 1529 3473 eum

305 3507 389 3573 diem
412 3530 473 3593 quo
496 3507 628 3573 intrauit
650 3532 709 3573 noe
731 3509 764 3572 in
787 3532 899 3574 arcam.
912 3508 983 3574 ³”et
1005 3533 1067 3574 non
1081 3519 1295 3595 cognouerunt
1317 3511 1417 3576 donec
1442 3510 1532 3576 uenit

304 3609 461 3676 diluuium
485 3616 517 3675 et
538 3609 612 3675 tulit
633 3633 749 3676 omnes.
774 3611 819 3675 ita
841 3611 902 3676 erit
924 3619 957 3677 et
978 3611 1134 3678 aduentus
1155 3613 1199 3676 fili
1212 3612 1358 3678 hominis.
1385 3611 1415 3648 ⁴⁰
1440 3615 1531 3678 Tunc

304 3714 366 3779 duo
388 3719 482 3778 erunt
503 3711 537 3776 in
560 3735 642 3798 agro.
667 3736 749 3778 unus
771 3714 955 3779 adsumetur
977 3721 1009 3779 et
1020 3715 1100 3780 alius
1116 3715 1311 3799 relinquetur
1325 3716 1387 3781 duo
1403 3715 1436 3780 in
1451 3721 1531 3782 lecto

303 3840 385 3882 unns
407 3816 590 3880 adsumetur
611 3822 644 3880 et
665 3815 745 3881 alius
767 3816 971 3901 relinquetur.
1017 3815 1044 3852 4¹
1089 3817 1228 3901 Uigilate
1251 3841 1324 3903 ergo
1357 3818 1433 3903 quia
1459 3843 1528 3884 nes·

305 3917 375 3984 citis
397 3942 460 4004 qua
482 3918 533 3984 die
555 3917 624 3982 dms
647 3927 799 3983 uenturus
822 3927 880 3983 est.
923 3918 951 3955 ⁴²
995 3919 1078 3985 Illud
1105 3926 1211 3984 autem
1241 3920 1352 3986 scitote
1381 3922 1530 4006 quoniam

303 4021 330 4086 si
351 4020 446 4086 sciret
465 4019 693 4106 paterfamiliae
716 4042 778 4104 qna
800 4022 877 4086 hora
899 4020 950 4085 fur
972 4021 1062 4086 uenit
1091 4022 1237 4106 uigilaret
1266 4023 1376 4108 utique
1405 4033 1438 4090 et
1467 4047 1531 4089 non

302 4124 420 4190 sineret
441 4121 563 4209 perfodi
585 4122 712 4186 domum
735 4145 831 4188 suam.
846 4121 874 4158 ⁴³
886 4123 955 4188 ideo
978 4129 1011 4189 et
1032 4147 1088 4189 uos
1110 4130 1209 4188 estote
1237 4125 1338 4212 parati
1366 4125 1442 4210 quia
1464 4150 1530 4192 nes·

303 4225 374 4292 citis
397 4249 457 4300 qua
478 4226 555 4290 hora
577 4223 660 4289 filius
682 4225 820 4291 hominis
843 4235 997 4292 uenturus
1019 4225 1070 4291 sit.
1116 4225 1145 4263 ⁴⁴
1188 4227 1343 4312 Quisnam
1368 4234 1416 4294 est
1429 4229 1530 4294 fidelis

302 4351 412 4393 seruus
435 4333 490 4392 aut
511 4327 649 4413 prudens
671 4334 734 4413 que
758 4327 922 4394 constituit
944 4329 1010 4393 dms
1032 4351 1108 4394 suus
1137 4353 1231 4416 super
1258 4330 1409 4395 familiam
1439 4355 1528 4397 suam

302 4437 338 4496 ut
359 4431 412 4496 det
434 4429 496 4494 illis
518 4430 623 4496 cibum
644 4429 679 4496 in
701 4436 850 4517 tempore.
864 4430 893 4467 ⁴⁵
907 4432 1018 4497 beatus
1050 4431 1102 4496 ille
1136 4455 1247 4499 seruus
1269 4456 1363 4518 quem
1396 4434 1530 4499 ueniens

302 4532 371 4596 dms
404 4531 472 4598 eius
504 4533 649 4598 inueniet
670 4533 714 4598 ita
737 4532 916 4599 facientem.
961 4532 989 4570 ⁴⁶
1032 4538 1140 4599 Amen
1162 4535 1230 4601 dico
1257 4535 1349 4601 uobis
1379 4536 1528 4621 quoniam

300 4656 396 4720 super
417 4634 524 4699 omnia
545 4636 627 4700 bona
648 4659 705 4701 sua
728 4635 899 4702 constituet
922 4660 1004 4703 eum.
1048 4636 1077 4674 ⁴⁷
1119 4637 1157 4703 Si
1179 4644 1284 4702 autem
1315 4638 1397 4704 dixit
1428 4645 1529 4704 malus
