3467 5192
308 261 369 325 108
740 263 776 326 (o.
796 261 826 326 4)
846 261 1027 327 euangelium
1044 276 1099 314 sec.

305 453 419 516 magno
442 439 474 498 et
496 431 642 498 dicebant
664 432 703 497 ad
733 432 920 498 alterutrum
953 431 1100 516 quisnam
1134 429 1187 495 hic
1219 436 1268 496 est
1300 431 1351 496 cui
1386 455 1472 496 mare
1501 438 1537 497 et

305 533 396 598 uenti
418 533 569 600 obediunt
590 534 629 600 ei.

358 645 363 654 “
390 637 487 703 XIV.
512 638 549 716 (c.
573 638 604 712 b)
650 635 660 672 ¹
705 637 750 702 Et
770 643 930 702 uenerunt
950 641 1038 701 trans
1060 636 1094 701 in
1116 634 1277 722 regionem
1298 657 1530 722 gerasenorum.

306 738 319 774 ²
362 739 407 803 Et
428 739 618 804 exeuntibus
630 738 693 804 illia
704 739 744 804 dc
755 739 831 804 naui
843 738 953 804 statim
965 737 1109 804 obuiauit
1120 737 1167 802 illi
1180 740 1274 804 homo
1290 738 1329 803 de
1340 737 1534 804 manumetis

305 841 338 907 in
361 850 420 927 spir
442 841 595 907 inmundo
608 839 620 878 ³
633 841 689 926 qui
710 841 906 907 domicilium
929 841 1066 907 habebat
1086 839 1120 905 in
1142 846 1348 906 monumento
1369 847 1403 906 et
1427 864 1532 927 neque

306 945 425 1009 catenis
446 943 509 1008 iam
533 943 700 1030 quisquam
721 951 844 1031 poterat
878 943 970 1010 illum
1006 941 1331 1028 adligarc⁴quoniam
1362 965 1455 1030 saepe
1484 948 1531 1009 cd-

304 1046 400 1133 pedes
422 1054 454 1112 et
476 1052 602 1112 catenas
624 1047 739 1133 quibus
760 1047 883 1132 legatus
892 1048 929 1127 (l)
946 1053 1014 1112 erat
1028 1045 1215 1131 disrupisset
1232 1052 1265 1111 ct
1285 1045 1441 1132 conpedes
1462 1069 1531 1112 con-

304 1148 472 1215 minuisset
493 1172 533 1214 ne
548 1148 715 1235 quisquam
730 1155 835 1236 posset
854 1173 927 1215 sum
944 1148 1080 1235 amplius
1099 1149 1235 1213 domare.
1280 1146 1293 1186 ⁶
1335 1149 1439 1214 Nocte
1456 1154 1532 1212 aute

304 1257 336 1317 et
358 1251 410 1316 die
432 1251 466 1316 in
488 1252 648 1317 montibus
671 1262 702 1317 et
736 1251 949 1318 monumentis
981 1263 1047 1316 erat
1086 1251 1267 1315 exclamans
1300 1255 1332 1316 et
1365 1249 1531 1316 concidens

303 1377 337 1418 se
358 1353 524 1440 lapidibus.
571 1352 583 1391 ⁶
626 1354 748 1420 Uidens
771 1362 876 1420 autem
900 1355 967 1418 ihm
990 1353 1124 1438 alonge
1155 1353 1294 1419 cucurrit
1324 1357 1356 1418 et
1387 1352 1532 1418 adorauit

304 1480 385 1521 eum.
433 1456 444 1494 ⁷
488 1457 532 1522 Et
554 1457 733 1522 exclamans
754 1479 832 1522 uoce
854 1480 969 1541 magna
1000 1455 1085 1521 dixit
1118 1454 1195 1540 quid
1223 1455 1303 1520 mihi
1333 1462 1366 1520 et
1393 1455 1453 1520 tibi
1478 1454 1532 1519 ihs

304 1559 350 1623 fili
372 1559 404 1624 di
426 1557 542 1622 summi
564 1557 673 1624 adiuro
695 1565 727 1624 te
749 1583 806 1645 per
827 1559 923 1624 deum
945 1558 1058 1624 uiuum
1080 1582 1121 1624 ne
1143 1581 1195 1623 ms
1216 1569 1372 1642 torqueas.
1418 1555 1432 1594 ⁸
1474 1558 1530 1622 Di·

305 1662 395 1726 cebat
416 1660 501 1726 enim
522 1660 572 1726 illi
594 1660 654 1725 ihs.
679 1661 732 1728 exi
754 1663 792 1726 ab
815 1661 945 1726 homine
967 1666 1022 1748 spb
1044 1661 1206 1727 inmunde.
1241 1659 1254 1698 ⁹
1295 1661 1341 1727 Et
1362 1659 1531 1746 interroga-

304 1762 353 1828 uit
389 1786 461 1828 eum
495 1765 579 1849 quod
612 1763 672 1829 tibi
705 1788 818 1830 nomen
853 1772 902 1830 est
920 1763 948 1803 ¹⁰
957 1773 989 1830 et
1017 1764 1264 1850 deprecabantur
1296 1787 1369 1828 eum
1402 1767 1455 1848 spi
1486 1762 1532 1826 in-

304 1865 393 1930 mlidi
415 1866 552 1932 multum
574 1889 615 1932 ne
638 1868 811 1953 expelleret
832 1889 887 1933 eos
908 1866 949 1931 de
970 1867 1141 1952 regionem.
1188 1864 1215 1902 ¹¹
1258 1867 1338 1931 Erat
1360 1871 1466 1930 autem
1486 1864 1532 1930 ibi

305 1969 388 2033 circa
422 1977 562 2035 montem
594 1991 672 2052 grex
709 1969 841 2056 porcorsl
872 1993 1004 2054 magnus
1036 1992 1168 2056 pascens
1180 1968 1208 2006 ¹²
1216 1976 1249 2035 et
1285 1969 1534 2055 deprecabantur

305 2094 378 2135 eum
400 2075 454 2156 sps
477 2070 616 2137 dicentes
638 2071 731 2137 mitte
753 2095 810 2138 nos
833 2072 865 2136 in
896 2095 1005 2158 porcos
1034 2079 1072 2137 ut
1103 2072 1138 2135 in
1170 2094 1224 2137 eos
1256 2071 1459 2137 introeamus.
1504 2068 1533 2107 ¹³

306 2173 350 2238 Elt
372 2176 478 2239 statim
502 2174 573 2239 dms
596 2173 649 2239 ihs
681 2173 769 2240 misit
796 2174 867 2240 illoa
900 2174 934 2239 in
967 2196 1087 2261 porcos.
1133 2175 1177 2239 Et
1210 2180 1363 2240 exeuntes
1396 2178 1450 2260 sps
1482 2172 1530 2238 in·

305 2276 416 2341 mundi
438 2276 629 2342 introierunt
650 2277 684 2341 in
706 2299 815 2363 porcos
838 2283 870 2342 et
891 2277 1003 2363 inpetu
1024 2299 1139 2362 magno
1161 2300 1238 2362 grex
1259 2275 1466 2363 precipitatus
1483 2282 1533 2340 ast

304 2379 338 2442 in
360 2401 446 2444 mare
469 2378 559 2464 quasi
580 2379 620 2444 ad
643 2379 704 2444 duo
726 2379 827 2444 millia
850 2385 883 2444 et
904 2379 1049 2445 suffocati
1071 2379 1194 2446 suntin
1208 2402 1304 2444 mare.
1318 2377 1411 2464 1⁴qui
1425 2384 1531 2444 autem

305 2482 440 2567 pascebat
462 2481 533 2548 illos
556 2481 706 2566 fugerunt
729 2488 760 2547 et
785 2481 1016 2548 nuntiauerant
1041 2481 1075 2546 in
1101 2481 1265 2548 ciuitatem
1298 2488 1330 2548 et
1362 2481 1397 2545 in
1431 2503 1529 2566 agros.

303 2585 348 2648 Et
370 2583 486 2668 egressi
509 2590 583 2649 sunt
604 2584 714 2650 uidere
736 2585 812 2670 quid
835 2592 920 2650 esset
942 2585 1025 2668 quod
1046 2584 1166 2650 factum
1188 2590 1236 2650 est
1244 2583 1271 2623 ¹⁵
1282 2590 1315 2650 et
1335 2582 1470 2648 ueniunt
1491 2583 1531 2647 ad

302 2686 370 2750 ihr'r‘r
393 2691 425 2751 et
446 2685 559 2751 uident
579 2684 741 2752 homiuem
763 2687 853 2752 illum
875 2686 932 2772 qui
952 2688 1129 2752 uexabatur
1151 2711 1170 2752 a
1192 2685 1338 2752 demonio
1369 2686 1531 2752 sedentem

303 2789 454 2854 uestitum
477 2796 509 2852 et
531 2811 625 2854 sanae
646 2789 762 2855 mentis
789 2790 928 2856 sobrium
955 2796 988 2854 et
1020 2788 1160 2855 timuerd
1173 2788 1423 2854 1⁶narraucrunt
1455 2794 1531 2853 aute

302 2891 366 2956 illis
388 2889 444 2976 qui
465 2890 612 2956 uiderant
634 2892 770 2976 qualiter
792 2892 911 2957 factum
934 2898 1017 2958 esset
1038 2891 1068 2956 ci
1091 2893 1146 2976 qui
1169 2891 1351 2956 demonium
1377 2891 1531 2956 habuerat

304 3001 335 3058 et
357 2993 396 3058 de
418 2993 530 3079 porcis.
543 2993 614 3058 ¹⁷et
634 3018 744 3080 rogare
767 3004 902 3081 coeperu
923 2993 991 3058 ihm
1014 3003 1050 3060 ut
1071 2994 1245 3060 discederet
1271 3017 1291 3058 a
1320 2995 1444 3058 finebus
1476 3017 1528 3057 eo-

303 3120 382 3161 rum.
429 3094 456 3133 ¹⁸
500 3096 646 3182 Oumque
669 3098 852 3164 ascenderet
872 3097 924 3161 ihs
946 3121 1062 3162 nauem
1085 3098 1188 3184 coepit
1214 3097 1304 3161 illurn
1331 3119 1441 3182 rogare
1475 3097 1530 3181 qui

303 3199 489 3264 ademonio
511 3206 646 3266 uexatus
668 3200 772 3266 fuerat
793 3207 829 3266 ut
852 3210 933 3266 esset
960 3224 1031 3266 cum
1063 3199 1128 3265 illo.
1186 3198 1212 3237 ¹⁹
1266 3200 1324 3264 lus
1358 3220 1434 3264 uero
1467 3222 1531 3265 non

302 3301 446 3386 permisit
468 3301 508 3366 eil
531 3303 585 3367 sed
608 3302 653 3369 ait
674 3302 723 3367 illi
745 3303 826 3368 uade
848 3302 883 3366 in
904 3302 1032 3367 domum
1055 3311 1143 3367 tuam
1166 3303 1206 3367 ad
1228 3309 1299 3367 tuos
1321 3308 1354 3367 et
1375 3301 1534 3367 adnuncia

181 3433 183 3438 v
303 3402 367 3468 illis
390 3411 508 3488 quauta
535 3405 605 3469 dms
627 3405 686 3470 tibi
708 3404 784 3470 fecit
810 3409 845 3469 et
873 3405 956 3490 quod
989 3412 1022 3470 et
1053 3405 1201 3470 misertus
1233 3411 1282 3470 est
1313 3409 1372 3470 tui.
1418 3403 1445 3442 ²⁰
1487 3405 1532 3469 Et

304 3505 382 3572 abiit
404 3514 437 3572 et
458 3507 561 3593 coepit
582 3507 743 3594 predicare
766 3507 800 3571 in
823 3506 964 3594 decapoli
988 3512 1086 3593 quita
1107 3507 1167 3572 sibi
1190 3507 1266 3573 fecit
1288 3506 1340 3572 ihs
1367 3513 1400 3572 et
1422 3529 1533 3572 omnes

303 3607 410 3673 mirati
431 3617 513 3676 sunt.
560 3608 585 3646 ²¹
630 3611 674 3676 Et
697 3632 768 3676 oum
791 3609 1025 3676 transfretasset
1051 3611 1135 3676 ultra
1163 3609 1280 3676 iterum
1300 3609 1352 3674 ihs
1383 3609 1532 3676 conuenit

302 3711 342 3776 ad
365 3710 457 3776 illum
480 3714 581 3778 multa
602 3714 695 3778 turba
717 3713 800 3779 circa
821 3736 917 3778 mare.
963 3711 990 3750 ²²
1033 3713 1078 3779 Et
1106 3713 1197 3777 uenit
1230 3711 1360 3797 quidam
1393 3711 1529 3796 archisy-

302 3836 441 3899 nagogus
464 3821 496 3880 et
520 3815 603 3881 uidit
634 3817 674 3880 eir
709 3823 741 3881 et
762 3815 897 3902 procidit
927 3816 967 3880 ad
999 3816 1095 3901 pedes
1130 3813 1281 3880 eius²³et
1309 3837 1425 3901 rogans
1457 3838 1531 3880 eum

303 3915 410 3981 dicens
431 3917 580 4002 quoniam
601 3919 668 3983 filia
690 3941 761 3982 mea
783 3917 817 3982 in
842 3918 994 3984 extremis
1021 3926 1069 3984 est
1100 3921 1132 3983 ot
1165 3918 1298 3982 ueniens
1332 3926 1427 4003 tange
1460 3941 1530 3982 eam

302 4019 341 4082 de
363 4019 505 4084 manibus
527 4020 590 4086 tuis
612 4027 647 4086 ut
679 4021 766 4085 salua
790 4019 832 4086 sit
861 4029 894 4086 et
926 4021 1023 4086 cibat.
1069 4019 1097 4058 ²4
1140 4021 1184 4085 Et
1216 4019 1294 4086 abiit
1326 4043 1399 4086 oum
1430 4044 1467 4086 eo
1499 4026 1531 4085 et

302 4122 492 4205 sequebatur
514 4145 586 4186 euru
609 4124 701 4188 turba
723 4123 824 4188 multa
847 4130 879 4189 et
908 4123 1146 4208 conprimebant
1179 4145 1265 4188 eum.
1310 4121 1338 4162 ²⁶
1381 4123 1426 4187 'nt
1459 4145 1530 4188 ecce

303 4221 417 4287 mulier
439 4247 519 4310 quae
543 4234 609 4290 erat
630 4225 664 4290 in
691 4226 846 4311 profluuio
877 4224 1040 4310 sanguinis
1073 4225 1165 4292 annis
1197 4225 1281 4291 XII.
1295 4223 1405 4311 ²⁶quae
1430 4226 1531 4290 multa

303 4348 393 4411 passa
416 4325 519 4393 fuerat
542 4352 560 4394 a
581 4329 724 4414 pluribus
746 4328 877 4395 medicis
900 4337 932 4393 et
955 4334 1141 4412 eroganerat
1161 4327 1269 4393 omnia
1297 4351 1355 4394 sua
1387 4333 1420 4391 et
1449 4327 1531 4392 nihil

302 4428 477 4513 profecerat
498 4430 554 4495 sed
582 4430 672 4516 peius
701 4429 995 4496 habebat²⁷audic0
1030 4431 1069 4497 de
1095 4430 1153 4494 ihu
1186 4431 1277 4496 uenit
1309 4431 1348 4494 de
1381 4436 1466 4495 retro
1497 4430 1531 4494 in

302 4531 393 4594 turba
416 4538 448 4596 et
469 4531 575 4616 tetigit
597 4533 823 4598 uestimentum
848 4532 916 4598 eius
947 4533 1053 4600 dicens
1086 4532 1171 4598 intra
1205 4530 1342 4598 se²⁸uel
1375 4531 1403 4596 si
1437 4531 1531 4598 uesti-

300 4640 442 4697 mentum
473 4633 541 4698 eius
570 4634 702 4718 tetigero
736 4636 824 4699 salua
857 4657 918 4699 ero.
966 4634 994 4672 ²⁹
1037 4637 1082 4701 Et
1115 4634 1280 4701 confestim
1312 4633 1449 4700 siccatus
1484 4642 1531 4701 est
