3467 5192
302 262 343 325 88
722 261 759 326 (c.
781 262 826 327 lo)
845 261 1026 327 euangelium
1047 278 1104 316 sec.

387 430 464 496 LII.
511 429 537 468 ¹³
580 431 684 496 Nemo
714 453 825 498 seruus
847 439 951 517 potest
981 432 1103 499 duobus
1123 431 1260 499 dominis
1296 433 1426 500 seruire.
1459 435 1536 501 Aut

303 533 387 600 enim
411 557 509 599 unum
532 531 619 598 odiet
639 541 672 599 et
693 539 825 599 alterum
849 534 961 619 diliget
981 541 1037 601 aut
1058 534 1114 600 uni
1130 534 1318 616 ad(h)arebit
1339 537 1529 603 stulterum

302 643 504 722 contempnet
526 659 589 701 non
611 635 742 723 potestis
766 637 807 701 do
835 636 956 703 seruire
988 644 1021 703 et
1052 659 1227 704 mamonae.
1274 636 1302 674 ¹⁴
1344 639 1554 732 Audiebant-

302 745 408 804 autem
431 740 508 804 haec
530 737 636 804 omnia
657 739 815 825 pharisaei
838 739 894 825 qui
917 746 1007 805 erant
1035 739 1125 806 anari
1152 747 1185 807 et
1212 740 1398 806 deridebant
1428 741 1526 807 illum.

303 839 330 879 ¹⁵
373 841 417 906 Elt
438 841 484 924 ait
504 839 568 906 illis
590 864 646 907 uos
668 839 745 907 estis
767 841 822 926 qui
845 841 1025 908 iustificatis
1052 865 1108 908 uos
1137 866 1241 909 coram
1276 842 1458 909 hominibus
1490 844 1535 908 ds

301 951 408 1009 autern
430 943 521 1010 nouit
544 943 636 1009 corda
658 951 764 1009 uestra
787 943 863 1028 quia
892 945 977 1028 quod
1010 944 1192 1010 hominibus
1225 945 1325 1011 altum
1357 952 1407 1012 est
1432 947 1527 1012 abho-

301 1044 434 1111 minatio
456 1052 505 1112 cst
526 1054 599 1112 ante
622 1046 684 1110 dm.
731 1044 758 1084 ¹⁶
800 1047 873 1112 Lex
895 1054 927 1112 at
955 1047 1127 1133 prophetae
1158 1069 1258 1132 usque
1288 1049 1328 1114 ad
1357 1048 1529 1114 iohannem

301 1172 341 1214 ex
363 1170 425 1234 quo
448 1171 580 1232 ragnum
602 1149 636 1213 di
659 1149 896 1234 euangelizatur
918 1157 951 1214 et
971 1149 1075 1215 omnis
1105 1149 1139 1214 in
1165 1149 1246 1215 illud
1273 1149 1340 1215 uim
1370 1150 1454 1217 facit.
1503 1150 1529 1189 ¹²

300 1250 441 1316 Facilius
474 1257 523 1317 est
554 1261 660 1316 autem
696 1251 816 1317 caelum
850 1261 884 1318 et
915 1256 1033 1317 terram
1071 1251 1224 1338 preterire
1253 1276 1349 1337 quam
1384 1253 1424 1318 de
1457 1254 1527 1338 lege

300 1376 400 1418 unum
426 1353 547 1439 apicem
577 1354 697 1419 cadere.
744 1351 770 1390 ¹⁸
814 1353 928 1420 Omnis
958 1353 1013 1439 qui
1047 1353 1182 1420 dimittit
1215 1378 1347 1421 uxorem
1380 1377 1469 1420 suam
1496 1364 1529 1420 et

300 1456 388 1522 ducit
410 1461 540 1521 alteram
563 1457 746 1523 moechatur
768 1464 800 1522 et
822 1457 878 1540 qui
900 1456 1062 1522 dimissam
1085 1480 1106 1521 a
1126 1456 1196 1522 uiro
1218 1456 1307 1524 ducit
1336 1459 1526 1524 moechatur.

385 1559 481 1623 LIII.
528 1557 555 1596 ¹⁹
598 1559 706 1625 Homo
728 1569 835 1625 autem
863 1559 993 1647 quidam
1026 1565 1094 1626 arat
1127 1559 1217 1626 diues
1250 1559 1305 1645 qni
1338 1559 1535 1627 induebatur·

299 1683 470 1747 purpuram
494 1673 526 1726 et
547 1661 674 1747 byssum
698 1671 731 1726 et
752 1663 959 1748 aepulabatur
980 1662 1109 1728 cottidie
1143 1662 1343 1749 splen(d1)de.
1357 1661 1430 1728 ’θεῖ
1460 1675 1528 1729 erat

300 1764 428 1848 quidam
453 1763 614 1830 mendicus
635 1764 763 1829 nomine.
784 1764 906 1830 lazarus
929 1763 984 1849 qui
1005 1763 1128 1831 iacebat
1156 1764 1194 1829 ad
1222 1765 1350 1831 ianuam
1379 1764 1449 1831 eius
1481 1768 1533 1831 ul·

300 1867 423 1931 ceribus
445 1866 558 1952 plenus
571 1864 595 1904 ²¹
610 1866 740 1952 cupiens
762 1867 897 1932 saturari
920 1890 960 1931 ex
980 1864 1030 1931 his
1045 1891 1107 1952 que
1123 1868 1253 1932 cadebat
1266 1867 1306 1932 de
1322 1889 1431 1933 mensa
1445 1868 1527 1934 diui·

299 1966 341 2032 tis
362 1968 419 2033 sed
440 1975 472 2035 et
494 1991 586 2034 canes
615 1969 787 2034 ueniebant
820 1975 852 2034 et
873 1968 1036 2053 lingebant
1068 1970 1175 2035 ulcera
1196 1967 1273 2035 eius.
1320 1968 1347 2006 ²²
1391 1970 1526 2036 Factum

300 2076 347 2136 est
369 2076 474 2136 autem
497 2077 533 2136 ut
554 2079 729 2137 moreretur
750 2071 873 2136 lazarus
895 2071 1058 2136 mendicus
1081 2077 1113 2137 et
1133 2077 1313 2158 portaretur
1337 2073 1376 2136 ab
1407 2073 1534 2159 angelis-

298 2171 332 2236 in
360 2172 464 2237 sinum
488 2174 631 2238 abrahae.
658 2181 799 2238 mortuus
822 2182 871 2240 est
892 2179 997 2240 autem
1021 2180 1054 2239 et
1075 2174 1165 2239 diues
1192 2180 1225 2239 et
1252 2174 1396 2261 sepultus
1424 2182 1472 2240 est
1493 2175 1527 2239 in

298 2276 431 2342 inferno.
477 2274 504 2312 ²³
548 2277 689 2341 Illeuans
711 2278 860 2356 oculus(t)
884 2299 1038 2342 snoscum
1055 2285 1138 2343 esset
1154 2277 1188 2341 in
1211 2277 1385 2342 tormentis.
1430 2276 1528 2343 Uidet

299 2379 447 2444 abraham
470 2403 489 2443 a
512 2379 605 2462 longe
628 2384 660 2443 et
681 2379 820 2443 lazarum
843 2379 877 2443 in
899 2377 972 2444 sinis
995 2379 1064 2444 eius
1077 2378 1148 2445 '‘et
1175 2381 1243 2466 ipse
1274 2380 1412 2444 clamans
1434 2378 1525 2447 dixit.

298 2483 396 2550 Pater
418 2483 565 2548 abraham
589 2479 738 2548 miserere
762 2479 841 2546 mihi
864 2488 897 2546 et
918 2481 1009 2547 mitte
1026 2482 1165 2547 lazarum
1181 2489 1217 2547 ut
1231 2481 1369 2566 intingat
1383 2487 1532 2548 extremo

299 2584 399 2670 digito
421 2608 477 2651 suo
499 2585 533 2650 in
557 2607 671 2668 aquam
694 2593 730 2648 ut
752 2583 917 2669 refrigeret
938 2584 1081 2670 linguam
1103 2608 1206 2650 meam
1231 2584 1307 2670 quia
1338 2583 1461 2649 crucior
1493 2584 1526 2649 in

244 2755 246 2759 ,
297 2690 357 2753 hac
378 2687 514 2752 flamma.
560 2685 587 2725 ²⁶
630 2687 675 2751 Εῖ
695 2685 778 2751 dixit
799 2685 848 2750 illi
876 2687 1025 2751 abraham
1056 2687 1102 2752 fili
1128 2687 1292 2753 recordare
1319 2685 1414 2772 [qnia]
1445 2710 1526 2753 rece·

298 2789 374 2877 pisti
396 2790 478 2855 bona
499 2787 532 2852 in
554 2788 623 2854 uita
644 2795 700 2853 tua
721 2799 753 2854 et
775 2796 897 2855 lazarus
924 2788 1072 2854 similiter
1101 2790 1184 2854 mala
1216 2812 1302 2854 nuuc
1334 2799 1439 2855 autem
1474 2789 1526 2855 hic

298 2892 477 2958 consolatur
498 2899 534 2956 tu
557 2911 633 2956 uero
657 2891 815 2957 cruciaris.
831 2891 858 2932 ²⁶
871 2899 903 2957 et
927 2891 981 2975 [in]
1006 2893 1052 2957 his
1071 2893 1215 2957 omnibns
1238 2891 1400 2957 internos
1422 2899 1454 2957 et
1469 2914 1526 2958 uos

297 2994 379 3058 ohad
389 2995 423 3075 (l)
446 3017 595 3080 magnum
618 2997 775 3060 firmatum
799 3003 847 3061 est
868 3005 905 3060 nt
920 2994 954 3059 hi
969 2995 1023 3080 qui
1035 2995 1134 3060 ueniti
1146 2993 1221 3059 hinc
1235 2993 1368 3060 transire
1383 3017 1447 3059 non
1457 3017 1529 3080 pos·

211 3135 213 3139 ·
297 3103 372 3163 sunt
394 3097 434 3163 ad
455 3119 513 3162 uos
535 3120 638 3182 neque
660 3097 735 3163 inde
757 3099 819 3164 huc
841 3106 1044 3162 transmeare.
1091 3096 1118 3135 ²⁷
1161 3098 1205 3162 Et
1226 3098 1272 3162 ait
1293 3120 1368 3182 rogo
1389 3120 1464 3182 crgo
1493 3103 1532 3162 te

296 3207 386 3286 pater
408 3205 444 3265 ut
468 3199 574 3266 mittas
596 3199 630 3264 in
654 3200 781 3264 domum
797 3200 897 3286 patris
912 3198 985 3266 mei.
1000 3197 1027 3236 ²⁸
1037 3201 1138 3266 habeo
1155 3200 1242 3264 enim
1257 3199 1398 3284 quinque
1413 3198 1532 3265 fratrm

296 3309 332 3367 ut
354 3307 487 3367 testetur
508 3302 572 3367 illis
594 3309 630 3366 ut
652 3325 692 3365 ne
716 3306 747 3367 et
770 3301 831 3387 ipsi
854 3301 985 3367 ueniant
1007 3301 1039 3365 in
1064 3303 1150 3366 hunc
1169 3308 1270 3368 locum
1286 3309 1523 3368 tormentorum.

297 3402 324 3441 ²⁹
366 3404 411 3469 Εῖ
433 3402 478 3468 ait
500 3403 547 3468 illi
570 3403 719 3468 abraham
743 3404 859 3469 habant
886 3427 1016 3489 moysen
1044 3409 1076 3470 et
1107 3403 1246 3490 profetas
1278 3403 1410 3470 audiant
1443 3405 1523 3470 illos,

296 3505 325 3545 ³⁰
368 3506 421 3571 Ad
444 3505 497 3570 ille
519 3503 601 3570 dixit
623 3528 686 3570 non
709 3515 799 3591 pater
820 3507 992 3571 habraham
1002 3506 1036 3589 (l)
1058 3507 1114 3572 scd
1128 3505 1155 3572 si
1171 3505 1241 3592 quis
1252 3529 1294 3571 ex
1313 3507 1445 3574 mortuis
1457 3531 1530 3574 sur-

295 3609 378 3675 rexit
399 3607 601 3696 persuadebit
622 3607 677 3673 eis.
723 3606 749 3645 ³¹
795 3608 854 3674 Ait
879 3615 954 3674 autc
983 3607 1033 3673 illi
1067 3608 1094 3674 si
1128 3631 1259 3695 moysen
1293 3616 1325 3674 et
1356 3611 1530 3696 prophetas

295 3735 357 3777 non
380 3711 515 3776 audiunt
536 3734 639 3796 neque
661 3710 688 3774 si
710 3711 781 3796 quis
804 3735 843 3775 ex
867 3711 999 3777 mortuis
1020 3712 1060 3776 ad
1082 3711 1138 3776 illo
1160 3711 1235 3776 ierit
1250 3712 1386 3778 credent.
1411 3715 1449 3793 (c.
1468 3714 1529 3788 17)

296 3814 307 3851 ¹
351 3814 395 3878 Ilt
417 3814 456 3878 ad
479 3812 649 3900 discipulos
671 3835 744 3879 suos
766 3815 819 3878 ait.
844 3813 1029 3900 inpossibile
1051 3821 1099 3880 est
1125 3822 1162 3880 ut
1189 3836 1253 3879 non
1282 3813 1415 3880 ueniant
1436 3838 1524 3885 soan-

295 3917 366 3982 dala
388 3939 500 3981 uerum
523 3921 608 3980 tamo
637 3939 696 3981 uae
722 3915 767 3979 illi
794 3938 851 4001 per
885 3940 977 4002 quem
1013 3915 1154 3982 ueniunt.
1169 3915 1304 3982 'utilius
1336 3926 1385 3982 est
1417 3926 1523 3984 autem

294 4019 342 4084 illi
364 4043 405 4085 ne
428 4023 609 4084 nasceretur
631 4024 686 4081 aut
707 4017 788 4103 lapis
811 4018 912 4084 molae
935 4019 1106 4105 inponatur
1127 4017 1211 4085 circa
1241 4019 1356 4084 collum
1389 4019 1459 4086 eius
1492 4025 1525 4087 et

294 4122 467 4209 proiciatur
488 4120 522 4185 in
545 4143 630 4185 marc
654 4143 749 4205 quam
772 4128 809 4187 ut
837 4120 1029 4188 scandalizet
1061 4145 1162 4186 unum
1195 4121 1235 4186 de
1265 4121 1389 4208 pusillis
1421 4121 1525 4188 istis³

294 4223 448 4290 attendite
471 4222 560 4288 uobis
583 4223 609 4288 si
632 4223 811 4308 peccauerit
832 4224 866 4288 in
889 4231 922 4289 te
944 4223 1041 4288 frater
1063 4232 1138 4288 tuus
1163 4222 1292 4309 increpa
1318 4223 1407 4288 illum
1439 4232 1471 4290 et
1496 4223 1523 4289 si
1567 4222 1569 4225 ’

292 4326 499 4422 penitentiam
523 4325 670 4390 habuerit
691 4325 817 4391 dimitte
839 4325 896 4390 illi.

379 4426 540 4496 LIV.⁴et
561 4427 588 4492 si
611 4427 728 4513 septies
750 4427 783 4492 in
807 4428 856 4494 dis
880 4427 1062 4514 peccauerit
1085 4427 1119 4492 in
1142 4435 1174 4493 te
1206 4434 1238 4493 et
1264 4427 1381 4514 septies
1409 4428 1443 4493 in
1471 4428 1528 4495 die

292 4553 462 4597 conuersus
485 4529 582 4595 fuerit
605 4530 643 4594 ad
667 4536 699 4594 te
720 4529 829 4595 dicens
851 4530 995 4616 paenitet
1017 4554 1067 4595 me
1089 4529 1217 4596 dimitte
1232 4530 1290 4594 illi.
1326 4530 1339 4569 ⁵
1374 4531 1419 4596 Ilt
1434 4529 1522 4596 dixe·

168 4665 170 4670 v
291 4641 366 4697 runt
388 4631 521 4718 apostoli
544 4633 606 4697 dire
629 4655 710 4715 auga
732 4633 824 4698 nobis
846 4633 950 4698 fldem.
997 4632 1010 4673 ⁶
1054 4633 1097 4698 Ilt
1118 4631 1201 4698 dixit
1223 4632 1286 4697 illis
1303 4633 1333 4698 si
1349 4631 1528 4699 habueritis
