3467 5192
839 283 872 352 V

330 454 440 523 Oodex
476 452 641 546 evangelia
674 459 809 539 quatuor
856 456 917 520 hoo
939 452 1066 520 ordine:
1121 454 1236 520 Matth.
1269 453 1345 519 Joh.
1390 451 1470 520 Luo.

244 561 342 624 Maro.
398 557 539 625 eontinet
582 579 623 622 ex
667 557 895 624 eonsuetudine
943 554 1081 643 plurium
1129 556 1271 622 oodioum
1322 554 1470 642 antiquis·

244 660 405 741 simorum,
429 659 644 726 consentiente
667 659 873 726 Tertulliano.
923 658 1015 725 Folia
1037 657 1156 744 aliquot
1177 658 1280 746 prima
1306 658 1471 745 mediaque

243 762 359 850 partim
392 761 553 849 deperdita
597 761 725 849 partim:
748 762 886 828 lacerato
922 768 1004 840 sunt,
1050 784 1144 847 qvam
1184 761 1222 826 ob
1255 785 1322 826 rem
1355 762 1470 829 Matth.

246 867 432 948 1,1--11‚6;
469 866 545 932 Joh.
583 865 810 946 17,15-18,9;
849 865 1082 944 20‚22-21‚8;
1127 863 1206 930 Ima.
1239 865 1469 945 9‚48-10,21;

246 970 472 1053 nan-1263
507 974 540 1034 et
571 991 681 1033 versus
715 979 746 1034 et
778 967 877 1034 verba
905 966 1025 1053 aliqvot
1046 968 1080 1032 in
1102 966 1217 1032 Matth.
1242 989 1266 1032 a.
1293 968 1348 1045 11;
1373 967 1469 1032 Maro.

244 1093 269 1138 o.
294 1073 314 1137 9
337 1078 369 1137 et
392 1095 417 1138 o.
444 1073 482 1137 16
505 1071 625 1136 desunt.
1347 1084 1350 1088 ·

328 1173 506 1260 Evangelia
535 1180 669 1260 quatuor
697 1175 757 1240 hoo
793 1174 826 1239 in
858 1173 967 1240 oodioe
1004 1197 1043 1239 ex
1081 1172 1306 1238 oonsvetudine
1328 1171 1471 1238 oodioum

244 1277 374 1343 aliorum
399 1275 690 1362 antiqvissimorum
713 1276 745 1340 in
782 1277 928 1342 ›breves‹
957 1278 1116 1358 (ητλους)
1148 1275 1199 1339 vel
1234 1274 1336 1361 oapita
1368 1273 1471 1340 divisa

243 1385 331 1445 sunt:
365 1379 479 1445 Matth.
503 1377 537 1443 in
571 1379 622 1453 74,
654 1378 778 1465 (primis
812 1381 853 1444 35
876 1386 1028 1466 parteque
1050 1379 1092 1444 36
1116 1376 1309 1464 deperditis),
1332 1378 1407 1444 Joh.
1436 1378 1470 1444 in

244 1483 286 1548 35
309 1480 362 1567 (36
373 1489 401 1559 ?)
425 1481 506 1546 Luo
517 1480 551 1546 in
567 1482 608 1547 79
629 1487 661 1547 et
676 1482 771 1547 Maro.
785 1482 819 1546 in
834 1484 878 1546 46
893 1483 945 1563 (47
959 1487 1010 1559 ?);
1036 1481 1156 1568 primns
1172 1480 1341 1546 cuiuslibet
1355 1479 1470 1566 eapitis

242 1607 352 1650 versus
396 1582 496 1650 literis
540 1583 642 1650 rubris
686 1584 820 1671 seriptus
862 1591 909 1650 est
959 1583 1051 1651 litera
1083 1582 1200 1648 initiali
1233 1605 1348 1668 magna
1380 1590 1468 1648 extra

242 1687 421 1753 columnam
466 1686 576 1774 posita.
643 1686 778 1753 Numeri
822 1688 935 1753 horum
984 1685 1122 1774 capitum
1164 1687 1226 1751 hae
1260 1685 1296 1751 in
1332 1684 1470 1752 editione

242 1788 336 1876 positi
359 1797 441 1855 sunt.
477 1788 590 1876 Oapita
612 1790 749 1870 (breves)
785 1812 911 1876 quoque
954 1788 988 1855 in
1032 1789 1194 1868 sectiones,
1232 1789 1309 1855 satis
1341 1795 1469 1870 temere,

242 1899 278 1958 ut
300 1891 433 1970 videtur,
458 1891 558 1958 divisa
580 1898 663 1957 sunt.
721 1893 784 1957 Hae
815 1891 970 1958 sectiones
1002 1893 1062 1958 hae
1094 1893 1128 1956 in
1164 1891 1301 1958 editione
1334 1898 1470 1958 tantum-

242 1995 334 2060 modo
356 1994 459 2081 prima
480 1993 573 2060 litera
594 1995 725 2060 ineunte
748 2017 862 2079 magna
885 2004 918 2059 et
943 1993 1045 2082 spatio
1077 2002 1109 2060 et
1140 1997 1305 2081 punoto(.)
1338 1992 1470 2078 signatae

243 2105 275 2164 st
309 2096 474 2183 disjunctae
496 2103 571 2162 sunt
607 2097 646 2162 ad
669 2097 816 2163 volumen
850 2096 998 2163 editionis
1032 2120 1095 2162 non
1121 2097 1310 2182 augendum.
1360 2093 1468 2182 Speoi·

242 2224 315 2266 men
339 2198 456 2267 codicis
477 2198 530 2265 fol.
554 2200 575 2263 4
597 2200 626 2278 b,
642 2200 756 2266 Matth.
775 2200 985 2282 12‚48—13,8
1001 2202 1082 2286 (pag.
1098 2201 1119 2264 3
1135 2199 1293 2285 editionis)
1309 2198 1467 2265 dabimus:
1546 2259 1549 2267 .

752 2302 953 2389 evangelium

324 2404 642 2491 teonmmdipserespo

325 2489 628 2576 denedioentisibiait

324 2582 626 2662 quaeestmatermea

325 2660 565 2728 autfratresmei.

239 2746 555 2814 Etextendensmanl'l

324 2832 637 2919 indiscipnlossuosdi

324 2919 627 2985 xiteooematermea

325 3004 601 3154 etfratresmeiqui

327 3089 546 3176 oumqneenim
563 3114 616 3156 eoo

324 3176 630 3262 rituoluntatepatris
649 3249 652 3256 ,

324 3260 612 3347 meiquiinoelisest.

324 3346 613 3433 ipsemeusfrateret

326 3438 612 3515 sororetmaterest3

649 3519 767 3572 decomo

239 3586 755 3654 XXXIXInilladieexitihs.etse

325 3673 604 3739 debatseousmare.

326 3765 583 3844 etoongraegatae

325 3845 566 3911 suntadeumtur

325 3929 614 3996 baeitautinnauioo

323 4016 571 4083 lamasoenderst

324 4101 585 4189 sedereetomnes

325 4187 573 4254 turbastabantin

324 4273 424 4338 litore.

239 4357 547 4426 Etlooutusestadoos

325 4443 617 4531 multainparabolis

991 2404 1263 2484 dioens3eooeexiit

991 2489 1305 2576 quiseminatsemina

991 2576 1288 2660 re3etoumseminat.

991 2661 1317 2748 quaedamoeoiderint

991 2747 1283 2814 seousuiametuene

992 2834 1281 2900 runtuoluoresetoo

991 2920 1282 3005 medenantetquae

992 3005 1300 3071 damantemoaeoide

990 3090 1280 3177 runtinpetrosaubi

991 3177 1275 3242 nonhabebatterra

991 3261 1317 3327 multametoontinuo

991 3347 1273 3433 exhortasuutquia

990 3433 1271 3499 nonhabebantalti

991 3519 1314 3599 tudinemterrae3sole

990 3612 1277 3671 autemortoaestua

990 3691 1279 3775 ueruntetquianon

991 3775 1285 3842 habebantradioem

991 3861 1292 3928 arueruntaliaautd

991 3946 1306 4033 oeoideruntinspinis

991 4032 1310 4119 etoreueruntspinae.

989 4119 1302 4185 etsuffooaueruntea.

904 4203 1259 4272 Aliauerooaeoidernnt

989 4290 1252 4357 interlumbonam

990 4375 1275 4444 etdabantfruotum

324 4565 440 4630 Insunt
465 4563 497 4630 in
535 4562 618 4629 foliis
652 4565 756 4630 1-40
788 4563 931 4650 reliqviae
964 4571 1070 4631 textus
1103 4563 1260 4649 evangelii
1292 4565 1465 4630 seeundum

242 4667 445 4746 Matthaeum;
469 4666 502 4732 in
525 4665 609 4734 foliis
631 4667 682 4740 41.
705 4667 748 4730 42
771 4667 852 4736 inest
874 4673 1095 4754 argumentum
1117 4667 1168 4734 uel
1202 4666 1299 4734 index
1326 4666 1466 4754 capitum
