3467 5192
677 285 817 335 matteum
835 279 870 347 (e.
891 281 946 353 26).
1385 279 1427 342 25

201 474 272 514 eum
296 450 391 515 morti
413 451 571 517 traderent
587 449 615 489 ⁶⁰
632 457 665 517 et
686 476 749 517 non
783 452 977 517 inuenerunt
1009 450 1131 516 exitum
1165 454 1198 514 et
1229 471 1300 513 cum
1333 447 1427 513 multi

201 550 272 617 falsi
306 560 402 618 testes
434 553 642 620 adcessissent
663 579 726 620 non
748 555 940 620 inuenerunt
963 554 1131 639 quicquam
1165 552 1198 616 in
1227 575 1274 616 eo.
1312 551 1426 616 Nouis-

200 654 279 720 sime
301 661 406 720 autem
431 663 588 723 uenerunt
611 659 671 723 duo
694 657 766 722 falsi
778 664 873 723 testes
884 657 910 696 ⁶¹
922 666 954 722 et
969 657 1128 721 dixerunt.
1145 654 1326 719 audiuimus
1341 655 1425 719 hunc

199 757 326 822 dixisse.
371 760 504 824 Possum
528 761 689 825 destruere
710 762 770 825 hoc
791 762 945 847 templum
969 760 1000 823 di
1023 764 1147 844 etpost
1175 757 1313 821 triduum
1343 755 1422 820 illud

198 859 413 934 reaedificare,¹
453 861 479 898 ⁶²
522 863 566 928 Et
588 886 718 947 surgens
741 863 886 949 princeps
909 862 1104 928 sacerdotum
1127 859 1172 924 ait
1187 859 1244 924 illi.
1275 858 1356 922 nihil
1378 883 1423 922 re·

198 964 355 1048 spondens
377 963 416 1027 ad
439 987 477 1028 ea
499 987 580 1048 quae
597 965 657 1051 ipsi
674 966 839 1030 aduersum
863 974 895 1030 te
918 964 1134 1030 testificantur.
1149 961 1175 1001 ⁶³
1187 962 1239 1027 ihs
1256 968 1365 1026 autem
1380 970 1425 1026 ta-

199 1066 287 1130 cebat
309 1075 339 1130 et
361 1067 552 1152 respondens
575 1068 721 1155 princeps
743 1069 940 1135 sacerdotum
963 1068 1008 1132 ait
1029 1066 1085 1131 illi.
1111 1066 1220 1130 adiuro
1243 1072 1274 1130 te
1292 1087 1349 1149 per
1370 1064 1422 1127 dm

199 1167 308 1232 uiuum
334 1175 370 1234 ut
392 1169 478 1234 dicas
499 1172 590 1236 nobis
613 1170 640 1235 si
662 1179 697 1236 tu
732 1195 765 1236 es
792 1175 852 1258 xps
885 1171 969 1235 filius
997 1170 1028 1234 di
1063 1169 1135 1235 uibi.
1184 1167 1209 1205 ⁶⁴
1254 1167 1344 1233 Dicit
1375 1167 1423 1231 illi

198 1271 258 1334 ihs.
283 1277 318 1336 tu
341 1271 451 1338 dixisti
473 1297 566 1337 amen
588 1273 658 1338 dieo
681 1274 769 1339 uobis
793 1274 903 1338 amodo
926 1272 1076 1338 uidebitis
1098 1273 1200 1337 filium
1217 1270 1355 1336 hominis
1378 1293 1423 1334 se-

197 1374 322 1438 dentem
346 1398 364 1438 a
386 1374 505 1441 dextris
528 1375 656 1441 uirtutis
689 1375 721 1440 di
749 1383 780 1441 et
808 1376 992 1441 uenientem
1016 1400 1087 1442 cum
1109 1373 1356 1440 nubibus-caeli.
1396 1373 1423 1410 ⁶⁵

197 1475 288 1540 Tunc
309 1476 455 1563 princeps
477 1479 672 1544 sacerdotum
697 1479 790 1544 scidit
812 1478 1003 1545 uestimenta
1024 1478 1208 1543 suadicens.
1225 1478 1421 1562 blasphema·

196 1578 245 1643 uit
266 1577 342 1663 quid
364 1580 468 1645 adhuc
490 1603 618 1664 egemus
640 1581 772 1646 testibus
789 1605 861 1647 ecce
881 1604 978 1647 mune
995 1580 1127 1645 audistis
1146 1580 1374 1667 plasphemiam
1388 1580 1421 1656 (l)

195 1680 263 1746 eius
276 1681 304 1719 ⁶⁶
314 1681 389 1767 quid
412 1683 503 1748 uobis
526 1684 660 1749 uidetur.
706 1684 760 1748 Ad
782 1684 831 1748 illi
859 1685 1088 1771 responderunt
1103 1690 1135 1747 et
1157 1682 1313 1748 dixerunt.
1351 1703 1422 1746 reus

195 1794 242 1848 est
264 1785 383 1850 mortis.
429 1785 455 1824 ⁶⁷
499 1787 590 1852 Tune
613 1794 807 1872 exspuerunt
828 1788 861 1853 in
885 1786 999 1852 faciem
1022 1786 1091 1850 eius
1114 1793 1147 1850 et
1173 1785 1312 1870 colaphis
1341 1783 1420 1850 ceci·

195 1887 309 1952 derunt
331 1912 402 1952 eum
428 1888 480 1970 [ali
504 1898 610 1955 autem
632 1895 751 1976 palmas
773 1890 806 1954 in
830 1889 944 1955 faciem
967 1889 1036 1954 eius
1055 1889 1217 1969 dederunt]
1238 1885 1265 1925 ⁶⁸
1281 1886 1421 1952 dicentes

194 1991 377 2076 prophetiza
399 1990 489 2056 nohis
510 1996 571 2077 xps
594 1991 665 2077 quis
687 1992 811 2077 estqui
833 2000 865 2058 te
887 1991 1049 2078 percussit.
1064 1989 1210 2077 ⁶⁹petrus
1227 2013 1303 2055 uero
1333 1988 1418 2054 sede·

193 2092 247 2156 bat
270 2091 346 2158 foris
368 2093 401 2158 in
424 2094 504 2158 atrio
528 2103 558 2159 et
581 2094 716 2160 adcessit
738 2096 777 2160 ad
799 2119 871 2160 eum
895 2118 959 2159 una
980 2093 1074 2158 acillo
1096 2093 1213 2160 dicens.
1237 2102 1270 2157 et
1290 2105 1326 2156 tu
1348 2115 1418 2157 cum

192 2194 250 2258 ihl'l
275 2195 408 2279 galilaeo
442 2219 519 2261 eras.
567 2196 592 2236 ⁷⁰
637 2198 689 2261 Ad
712 2197 766 2262 ille
788 2197 919 2281 negauit
939 2201 1013 2262 coria
1028 2196 1174 2261 omnibus
1203 2196 1318 2260 dicens.
1349 2216 1418 2257 nes·

193 2296 240 2362 oio
264 2298 340 2382 quid
363 2298 458 2365 dices
472 2299 496 2338 ⁷¹
510 2309 647 2364 exeunte
661 2306 765 2367 autem
779 2300 869 2365 illum
880 2302 912 2381 (Ι)
929 2299 1066 2364 ianuam.
1095 2298 1177 2364 uidit
1194 2321 1267 2362 eum
1286 2296 1349 2361 alia
1367 2319 1418 2359 an-

192 2399 264 2465 cilla
287 2406 319 2466 et
341 2400 386 2466 ait
408 2402 453 2465 eis
476 2402 531 2487 qui
554 2410 644 2468 erant
667 2403 720 2468 ibi.
745 2407 777 2468 et
798 2403 850 2467 hio
864 2409 933 2467 erat
954 2425 1025 2467 cum
1041 2400 1098 2466 ihu
1117 2423 1259 2466 nazareo.
1306 2398 1332 2436 77
1376 2398 1419 2463 nt

191 2501 306 2567 iterum
330 2493 459 2585 negadit
481 2505 521 2570 cl'l
543 2505 720 2571 iuramento
747 2505 852 2571 dicens
886 2529 949 2570 non
982 2505 1059 2570 noui
1087 2503 1258 2569 hominem.
1305 2500 1331 2538 ⁷³
1376 2500 1419 2564 Et

191 2612 262 2690 post
282 2606 434 2692 pusillum
458 2608 660 2673 adcesserunt
682 2608 735 2692 qui
759 2608 803 2673 ibi
826 2610 952 2674 stabant
980 2618 1013 2674 et
1038 2608 1188 2673 dixerunt
1210 2614 1307 2691 petro.
1342 2626 1418 2668 uere

192 2707 223 2773 et
245 2732 285 2772 ex
307 2709 372 2773 illis
394 2733 427 2774 es
449 2717 494 2776 tu.
518 2734 591 2774 nam
615 2718 646 2776 et
668 2712 794 2795 loquela
806 2718 861 2778 tua
883 2710 1003 2776 similes
1026 2719 1073 2777 est
1095 2709 1134 2776 ei.
1181 2707 1207 2748 ⁷⁴
1243 2707 1334 2772 Tunc
1349 2729 1416 2771 coe·
1471 2701 1477 2712 ’

190 2809 236 2886 pit
258 2811 407 2876 deuotare
430 2836 463 2877 se
487 2822 517 2878 et
540 2819 642 2878 iurare
666 2814 749 2898 quod
773 2837 836 2879 non
858 2815 1000 2879 uouisset
1021 2813 1192 2878 hominem.
1244 2811 1289 2875 Et
1318 2807 1414 2873 conti·

190 2937 252 2978 nuo
273 2916 375 2998 gallus
397 2916 545 2980 cantauit.
582 2916 607 2955 ⁷⁵
640 2918 685 2982 Et
706 2924 932 2982 rememoratus
955 2925 1003 2982 est
1024 2923 1131 3003 petrus
1155 2913 1243 2979 uerbi
1259 2913 1316 2978 ihu
1333 2910 1415 2996 quod

190 3014 320 3082 dixerat
347 3024 419 3082 ante
442 3042 535 3104 quam
560 3021 661 3104 gallus
684 3028 790 3086 cantet
801 3024 850 3084 ter
874 3043 923 3084 me
946 3019 1083 3104 negabis.
1113 3020 1158 3084 Et
1173 3037 1316 3101 egressus
1332 3011 1416 3077 foras

189 3119 384 3184 amarissime
412 3121 557 3207 plorauit.
604 3121 641 3205 (c.
666 3124 720 3203 27)
766 3122 776 3158 ¹
820 3124 917 3187 Mane
939 3128 1043 3187 autem
1067 3120 1185 3186 factum
1208 3125 1290 3184 esset
1317 3114 1415 3181 consi·

189 3220 234 3283 liu
259 3230 447 3308 acceperunt
470 3246 578 3289 omnes
601 3224 759 3312 principes
781 3225 978 3291 sacerdotum
1009 3235 1041 3290 et
1067 3223 1205 3288 seniores
1234 3219 1336 3308 plebis
1362 3218 1415 3282 ad·

189 3345 299 3388 uersus
322 3323 388 3388 ihm
412 3335 448 3390 ut
471 3349 542 3390 eum
567 3327 660 3392 morti
683 3326 910 3392 traderent²et
940 3326 1082 3393 uinctum
1110 3326 1310 3391 adduxerunt
1343 3345 1416 3385 eum

189 3432 220 3490 et
242 3426 439 3492 tradiderunt
464 3428 573 3513 pontio
606 3430 703 3515 pilato
736 3429 872 3516 praesidi.
919 3428 931 3466 7
976 3431 1068 3494 Tunc
1101 3429 1213 3493 uidens
1243 3426 1333 3491 iudas
1362 3424 1416 3508 qui

189 3551 260 3592 eum
284 3528 414 3594 tradidit
435 3531 510 3616 quia
532 3532 697 3597 damnatus
720 3538 768 3598 est
789 3532 966 3617 penitentia
983 3533 1095 3596 ductus
1110 3531 1221 3595 retulit
1234 3529 1345 3594 XXX
1367 3549 1415 3591 ar·

187 3639 316 3714 genteos
340 3632 533 3718 principibus
556 3635 751 3700 sacerdotum
774 3641 806 3700 et
828 3634 1004 3700 senioribus
1022 3634 1036 3671 ⁴
1051 3634 1166 3700 dicens.
1194 3631 1339 3718 peccauit
1357 3636 1416 3694 tra·

186 3732 262 3797 dens
284 3734 469 3818 sanguinem
493 3736 620 3802 iustum.
646 3737 700 3802 Ad
722 3736 769 3800 illi
792 3736 950 3802 dixerunt.
975 3736 1051 3821 quid
1073 3736 1111 3800 ad
1134 3758 1197 3799 nos.
1225 3740 1261 3799 tu
1283 3731 1413 3797 uideris.

187 3833 200 3872 ⁵
244 3837 288 3900 Et
308 3836 456 3921 proiectis
479 3837 636 3923 argenteis
665 3839 698 3903 in
726 3841 843 3926 templo
874 3839 1003 3905 secessit
1035 3845 1068 3904 et
1100 3837 1209 3903 abiens
1241 3836 1354 3919 laqueo
1383 3857 1415 3898 se

187 3939 359 4024 suspendit.
407 3939 419 3977 ⁶
463 3941 555 4007 Tunc
578 3941 735 4028 principes
758 3943 953 4007 sacerdotum
978 3940 1113 4028 acceptis
1143 3939 1301 4024 argenteis
1330 3936 1415 4002 dixe-

185 4049 268 4104 runt.
294 4065 355 4106 non
379 4042 453 4107 licet
476 4066 528 4108 eos
552 4045 677 4110 mittere
701 4045 732 4110 in
756 4046 893 4110 loculum
918 4044 994 4129 quia
1015 4043 1151 4130 pretium
1171 4039 1334 4127 sauguinis
1356 4046 1412 4105 est.

187 4142 198 4181 7
242 4142 383 4208 Oousilio
406 4151 511 4210 autem
535 4146 666 4232 adcepto
689 4153 834 4212 emerunt
855 4147 940 4212 inter
962 4171 995 4212 se
1018 4170 1126 4230 agrum
1149 4144 1239 4228 figuli
1261 4143 1294 4208 in
1310 4143 1413 4230 sepul·

184 4251 256 4309 tura
280 4246 522 4330 pelegriuorum.
541 4247 690 4335 ⁸propter
713 4250 772 4314 hoc
795 4257 925 4314 uocatus
948 4256 996 4315 est
1018 4271 1092 4334 ager
1106 4248 1161 4314 ille
1189 4247 1413 4313 haceldamach

183 4347 243 4412 hoc
265 4355 313 4413 est
336 4372 410 4432 ager
433 4352 596 4434 sanguinis
619 4375 718 4438 usque
740 4351 772 4417 in
797 4352 985 4417 hodiernum
1008 4351 1101 4416 diem.
1147 4349 1160 4387 ⁹
1203 4351 1295 4415 Tune
1324 4347 1412 4413 adin·
1493 4348 1497 4356 ’

184 4449 306 4531 pletum
331 4453 484 4538 estquod
508 4454 626 4518 dictum
650 4462 698 4520 est
719 4479 775 4542 per
803 4454 989 4520 hieremiam
1015 4453 1169 4541 profetam
1190 4453 1357 4519 dicentem.
1381 4458 1413 4518 et

184 4552 376 4637 adceperunt
406 4555 517 4620 XXX
545 4563 709 4640 argenteos
734 4557 872 4644 pretium
905 4557 1072 4645 adpretiati
1104 4557 1187 4644 quod
1220 4555 1412 4642 adpretiaue·

182 4661 257 4720 runt
279 4678 297 4720 a
318 4655 393 4721 filiis
406 4657 536 4725 istrahel
562 4657 588 4696 ¹⁰
599 4669 631 4727 et
647 4660 801 4728 dederunt
811 4684 864 4728 eos
875 4660 909 4728 in
925 4684 1035 4750 agrum
1049 4660 1139 4750 figuli
1150 4659 1235 4729 sicut
1249 4659 1413 4728 coustituit
