3467 5192
750 293 877 331 marcum
896 281 932 348 (c.
951 280 1008 348 12).
1379 247 1385 259 ι
1414 255 1416 261 ¹
1435 282 1495 345 121

265 449 299 514 in
322 447 458 516 ueritate
481 449 564 535 quod
586 470 669 514 unus
692 449 797 514 99119
820 474 879 516 nec
901 458 949 517 991
971 451 1050 517 alius
1078 456 1184 538 preter
1209 451 1311 518 illum.
1326 449 1396 518 3391
1428 450 1500 516 dili·

266 575 340 637 gere
362 575 434 617 eum
458 575 499 616 ex
521 558 587 616 toto
610 550 703 616 corde
725 557 757 617 91
779 576 819 617 ex
841 559 908 620 tota
935 553 1041 618 anima
1074 561 1107 619 et
1140 577 1180 618 ex
1211 559 1278 619 tota
1311 553 1431 620 uirtute
1464 560 1501 620 et·

267 652 399 738 diligere
421 652 601 740 proximum
623 653 704 719 sicut
726 653 864 741 seipsum
888 657 948 724 hoc
970 661 1017 721 est
1039 655 1142 721 maius
1164 656 1311 722 omnibus
1337 655 1502 722 sac1ificiis-
1560 665 1563 667 ’

267 762 299 823 91
320 755 635 823 holocautomatibus.
681 754 709 793 ³⁴
751 757 874 824 Uidens
895 759 948 823 ihs
971 764 1077 824 autem
1099 756 1175 844 quia
1197 758 1357 845 sapienter
1374 781 1503 845 respon·

267 858 315 924 dit
337 859 382 924 ait
404 858 452 923 illi
474 881 539 923 non
560 858 654 942 longe
677 881 710 924 99
733 882 752 924 a
773 883 870 946 regno
893 860 934 926 di.
980 862 1025 927 Et
1046 883 1139 926 nemo
1168 861 1233 925 iam
1262 861 1399 926 audebat
1424 884 1498 926 eum

267 961 404 1047 amplius
427 959 629 1044 interrogare.

353 1064 429 1128 XL.
476 1060 504 1102 33
546 1063 591 1128 111
613 1063 806 1148 respondens
828 1065 881 1130 ihs
904 1066 1019 1132 docens
1045 1065 1079 1131 in
1112 1065 1231 1152 templo
1264 1066 1310 1131 ait
1343 1066 1503 1151 quomodo

268 1165 379 1232 dicunt
400 1165 521 1231 scribae
543 1165 744 1251 xpm'filium
768 1190 835 1232 9999
858 1168 965 1233 dauid.
1010 1167 1038 1206 33
1081 1169 1157 1254 Ipse
1179 1173 1286 1234 autem
1308 1167 1401 1232 dauid
1422 1166 1505 1232 dicit>

267 1268 302 1333 in
324 1268 384 1354 spu
407 1273 468 1333 scd.
493 1267 570 1333 dicit
592 1267 660 1332 dms
683 1269 756 1334 di'r‘ro
780 1293 849 1335 meo
873 1271 975 1350 se(de)
991 1295 1010 1335 a
1025 1270 1146 1336 dextris
1173 1271 1252 1336 meis
1267 1271 1366 1336 donec
1382 1293 1503 1355 ponam

268 1370 414 1435 inimicos
436 1375 507 1436 tuos
529 1371 698 1436 scabellum
721 1372 838 1457 pedum
869 1379 1006 1438 tuorum.
1051 1371 1078 1411 ³⁷
1122 1371 1159 1438 Si
1192 1373 1260 1459 ipse
1293 1372 1390 1437 dauid
1422 1371 1501 1438 dicit

269 1497 340 1538 cum
365 1473 437 1538 doh]
460 1479 493 1537 91
514 1473 598 1537 unde
622 1477 670 1538 cst
691 1472 777 1538 filius
800 1473 868 1540 eius
892 1480 925 1540 91
946 1475 1047 1539 multa
1068 1476 1161 1540 turba
1183 1475 1319 1540 libenter
1346 1499 1417 1541 eum
1447 1499 1505 1540 au·-

269 1576 384 1641 diebat.
430 1573 458 1612 33
500 1576 576 1661 Ipse
599 1582 704 1640 autam
730 1576 861 1643 docebat
884 1600 938 1643 eos
960 1577 1045 1643 dicet
1066 1577 1125 1642 illi.
1169 1576 1287 1644 Uidetc
1319 1578 1358 1642 ab
1391 1577 1501 1642 scribis

270 1679 325 1763 qui
347 1678 460 1743 uolunt
482 1677 516 1742 in
539 1677 627 1743 stolis
650 1679 812 1743 ambulare
834 1685 866 1744 et
889 1681 1020 1746 salutari
1041 1679 1076 1744 in
1097 1679 1175 1745 foro.
1220 1677 1248 1716 33
1297 1680 1341 1745 111
1374 1679 1408 1744 in
1440 1679 1506 1765 1111--

269 1781 330 1846 mis
353 1779 510 1846 cathedris
533 1780 641 1845 sedere
664 1779 698 1844 in
721 1781 889 1866 synagogis
912 1788 945 1848 et
971 1782 1090 1868 primos
1124 1780 1331 1848 discumbitus
1364 1781 1399 1846 in
1432 1805 1501 1848 con·

269 1882 368 1948 uiuiis
380 1881 409 1920 33
420 1883 475 1968 qui
499 1882 653 1949 deuorant
675 1883 787 1948 domus
813 1884 982 1950 uiduarum
1015 1891 1048 1951 91
1073 1885 1284 1971 orphanorum
1318 1884 1509 1950 occansione

271 1987 365 2070 langa
386 1991 511 2050 orantes
533 1985 568 2050 hi
591 1984 752 2070 adcipient
774 1987 876 2052 maius
899 1986 1062 2052 iudicium.

356 2087 451 2152 XLI.
498 2085 525 2124 ‘¹
570 2088 614 2152 111
648 2111 719 2153 cum
753 2089 890 2155 sedisset
916 2089 968 2154 ihs
1003 2096 1111 2155 contra
1143 2088 1403 2176 gazophilacium.
1459 2091 1510 2153 111.

271 2190 400 2256 uidebat
422 2190 577 2275 quomodo
600 2192 711 2256 turbae
733 2191 904 2258 mittebant
925 2193 1092 2278 pecuniam
1115 2192 1149 2256 in
1183 2190 1433 2278 gazophrlacium
1470 2198 1506 2256 et

271 2293 364 2359 multi
386 2293 504 2358 diuites
524 2292 694 2359 mittebant
715 2294 823 2359 multa.
868 2292 898 2332 ⁴²
942 2293 1024 2359 (lum
1047 2295 1190 2360 uenisset
1211 2299 1286 2358 autc
1315 2317 1378 2357 una
1405 2293 1509 2358 uidua

272 2395 359 2461 misit
380 2419 452 2460 aera
475 2395 599 2459 minuta
620 2394 682 2460 duo
704 2397 788 2481 quod
804 2402 852 2462 est
867 2397 1037 2482 quadrans.
1072 2395 1100 2434 ⁴⁸
1133 2397 1177 2461 Et
1189 2396 1390 2476 conuoca(n)s
1408 2394 1500 2460 disci·

271 2499 362 2586 pulos
384 2521 456 2562 suos
479 2498 525 2562 ait
547 2496 620 2562 illis.
645 2499 772 2563 'Amen
795 2498 864 2564 dico
887 2499 978 2564 uobis
1000 2498 1098 2564 uidua
1118 2500 1198 2563 haec
1226 2497 1418 2584 paupercula
1432 2502 1506 2583 plus

272 2601 417 2667 omnihus
440 2599 527 2665 misit
549 2599 581 2664 in
604 2600 857 2686 gazophilacium
880 2599 1007 2667 munus.
1050 2599 1079 2638 ⁴⁴
1133 2600 1247 2667 Omnis
1280 2598 1365 2664 enim
1394 2613 1435 2664 911
1466 2622 1509 2664 eo»

272 2704 355 2790 quod
378 2702 536 2768 abudabat
557 2701 621 2768 illis
644 2703 763 2768 miseri
784 2705 863 2790 haec
893 2727 969 2769 uero
1000 2704 1040 2769 19
1073 2702 1239 2790 penuriam
1273 2726 1362 2767 suam
1396 2701 1502 2766 omnia

273 2829 334 2892 que
356 2803 469 2871 babuit
491 2803 579 2870 misit
601 2811 702 2870 totum
725 2805 846 2871 uictum
869 2807 940 2871 suri.
968 2873 971 2876 ,
1173 2791 1175 2795 ¹

357 2907 468 2973 XLII.
483 2913 522 2984 (c.
538 2909 592 2982 13)
618 2906 631 2943 ¹
654 2908 698 2973 111
721 2930 793 2974 cum
819 2909 1022 2994 egrederetur
1043 2907 1089 2974 ait
1111 2907 1160 2972 illi
1181 2931 1263 2973 unus
1287 2932 1327 2973 ex
1341 2905 1509 2993 discipulis

274 3011 342 3078 eius
366 3009 516 3096 magister
538 3009 643 3096 aspice
666 3010 775 3095 quales
798 3010 911 3097 lapidis
925 3010 958 3094 (l)
974 3020 1006 3076 et
1021 3011 1131 3096 quales
1142 3017 1319 3076 structurae
1336 3008 1457 3094 templi.
1492 3007 1511 3044 3

272 3115 317 3180 111
338 3113 530 3199 respondens
553 3113 604 3176 ihs
627 3113 672 3177 ait
696 3113 760 3178 illis
782 3137 889 3179 nonne
912 3113 1028 3179 uidetis
1051 3115 1129 3179 baec
1151 3112 1258 3178 omnia
1272 3135 1386 3196 magna
1401 3110 1506 3177 aedifi-

274 3216 332 3282 cia.
377 3218 485 3280 Amen
509 3214 578 3280 dico
605 3215 694 3280 nobis
725 3216 809 3301 quod
832 3239 896 3280 non
918 3215 1115 3302 relinquetur
1136 3214 1216 3300 lapis
1239 3238 1334 3301 super
1365 3212 1505 3299 lapidem

275 3319 330 3404 qui
352 3342 415 3383 non
438 3318 619 3384 destruatur
642 3317 729 3382 etin
751 3317 855 3384 triduo
878 3319 958 3383 illud
980 3317 1201 3383 ressuscitatur
1215 3317 1283 3382 sine
1298 3316 1451 3380 manibus.
1491 3313 1510 3352 3

274 3423 318 3488 111
340 3443 412 3486 cum
435 3420 558 3485 sederet
580 3419 614 3483 in
636 3426 743 3486 monte
766 3421 877 3486 oliueti
903 3426 1011 3486 contra
1041 3420 1196 3507 templum
1229 3419 1505 3504 interrogaucruut

275 3547 348 3589 cum
370 3531 490 3588 secreto
512 3511 620 3608 petrus
644 3527 675 3587 at
697 3521 823 3588 iacchus
845 3529 878 3589 91
905 3523 1059 3588 iohannes
1093 3530 1126 3589 91
1158 3523 1291 3587 andreas
1304 3521 1380 3587 4dic
1412 3521 1510 3586 nobis-

274 3627 399 3710 quando
421 3626 500 3690 haec
521 3628 599 3691 fient
621 3630 652 3690 et
674 3625 758 3710 quod
781 3625 906 3710 signum
931 3628 990 3690 erit
1011 3649 1083 3690 cum
1114 3626 1192 3690 baec
1225 3624 1332 3689 omnia
1365 3647 1504 3690 consum·

276 3730 452 3794 mabuntur.
487 3727 500 3766 ⁵
545 3728 753 3813 Respondens
776 3734 883 3793 autem
906 3727 958 3792 ihs
980 3726 1084 3813 coepit
1105 3727 1169 3792 illis
1192 3727 1305 3793 dicere.
1333 3726 1441 3791 uidete
1463 3750 1510 3791 ne·

275 3831 345 3916 quis
369 3854 425 3897 uos
448 3829 647 3896 seducat⁶in
671 3829 799 3894 nomine
821 3853 892 3895 meo
916 3829 1057 3895 dicentes
1071 3853 1128 3916 ego
1144 3853 1214 3894 sum
1226 3836 1258 3894 91
1276 3830 1394 3895 multus
1402 3831 1438 3909 (l)
1460 3851 1505 3892 se·

274 3933 399 4000 ducent.
447 3932 458 3971 ⁷
504 3931 585 3996 Cum
610 3938 714 3996 autem
739 3931 905 3997 audieritis
927 3931 1046 4018 proelia
1068 3938 1100 3997 et
1128 3931 1292 4017 opiniones
1313 3930 1503 4017 proeliorum

270 4036 374 4116 ¹nolite
396 4035 510 4101 timere
533 4041 656 4121 oportet
678 4033 762 4098 enim
786 4036 864 4100 haec
887 4034 954 4098 fieri
978 4034 1033 4098 991
1055 4035 1194 4100 nondum
1217 4034 1297 4098 finis.
1344 4032 1357 4070 ⁸
1399 4034 1509 4098 Exur-

274 4147 328 4223 get
350 4138 435 4202 anim
458 4160 535 4222 gens
558 4161 651 4223 super
673 4142 801 4221 gentem
829 4144 861 4202 et
887 4160 1019 4221 regnum
1053 4160 1148 4222 super
1179 4159 1312 4221 regnum
1346 4143 1378 4202 91
1411 4142 1505 4201 erunt

274 4250 357 4305 terre
380 4244 483 4305 motus
505 4263 562 4324 per
583 4241 651 4304 loca
674 4248 706 4304 91
727 4238 830 4304 famis.
854 4238 982 4303 initium
1007 4239 1150 4304 dolorum
1172 4239 1258 4304 haec.
1312 4237 1324 4275 3
1356 4238 1510 4304 'Deinde-

275 4341 359 4428 ipsos
380 4343 506 4407 tradent
529 4342 562 4406 in
585 4340 726 4408 conciliis
749 4348 781 4406 et
802 4341 836 4405 in
859 4340 1026 4427 synagogis
1047 4339 1241 4426 uapulahitis
1269 4346 1302 4406 et
1328 4348 1401 4407 ante
1434 4362 1505 4426 pre·

275 4445 358 4510 sides
381 4452 413 4509 et
434 4467 523 4530 reges
545 4444 669 4510 stabitis
691 4453 818 4530 propter
841 4468 891 4508 me
913 4443 947 4507 in
970 4442 1185 4508 testimonium
1209 4441 1282 4508 illis.
1299 4441 1326 4480 ¹⁰
1337 4449 1370 4507 et
1391 4442 1425 4506 in
1441 4465 1506 4507 om·

276 4569 331 4613 nes
352 4552 462 4633 gentes
484 4546 618 4632 primum
644 4554 749 4611 autem
774 4552 897 4632 oportet
917 4544 1091 4631 praedicari
1115 4544 1316 4630 euangelium
1339 4544 1374 4609 in
1403 4544 1502 4610 omni·

275 4650 333 4714 bus
356 4650 510 4734 gentibus.
558 4648 583 4685 ²¹
629 4647 710 4714 Oum
734 4654 841 4714 autem
863 4647 1071 4734 perduxerint
1088 4670 1145 4712 uos
1160 4647 1258 4713 nolite
1274 4645 1411 4732 cogitare
1427 4647 1510 4731 quid
