3467 5192
663 259 817 310 iohannem
838 258 875 322 (o.
902 261 954 321 13).
1381 263 1420 324 bl

200 429 271 494 dieo
294 429 385 495 uobis
411 429 466 515 qui
490 429 614 515 edoepit
640 453 713 493 eum
743 451 838 512 quem
866 428 982 492 misero
1011 451 1063 492 me
1089 427 1213 515 adoepit
1239 429 1294 513 qni
1326 441 1432 496 autem

197 555 247 596 me
270 531 396 619 adoepit
419 532 543 618 adeepit
565 555 637 596 eum
661 532 715 615 qui
739 554 789 595 me
811 530 908 595 misit.

283 633 418 702 XXVI.
465 633 492 670 ²¹
536 635 628 699 Haeo
650 656 722 700 oum
749 632 885 698 dixisset
907 633 958 697 ihs
986 633 1131 698 turbatus
1164 641 1212 698 θεῖ
1243 633 1277 697 in
1310 635 1369 721 spu
1404 640 1436 699 et

199 743 392 824 protestatus
410 743 458 802 est
478 745 510 801 θῖ
532 736 622 802 dixit.
647 759 738 800 amen
762 757 853 800 amen
877 734 946 800 dieo
968 734 1059 800 uobis
1081 735 1156 819 quia
1177 758 1260 800 unus
1282 760 1322 800 ex
1344 736 1436 801 uobis

199 841 303 905 tradet
327 863 390 904 me.
436 838 463 876 ²⁹
508 838 717 925 Aspiciebant
740 860 812 922 ergo
836 838 875 902 ad
897 837 1036 903 inuicem
1069 837 1215 924 discipuli
1242 839 1437 904 haesitantes

199 943 238 1007 de
261 966 322 1028 quo
346 941 474 1007 diseret.
491 939 517 978 ’Β
531 947 598 1006 erat
620 947 725 1006 sutem
750 940 936 1005 recumbens
959 963 1047 1004 unus
1069 964 1110 1004 ex
1133 940 1296 1026 discipulis
1318 929 1386 1005 eius
1402 940 1435 1004 in

199 1045 272 1109 sinu
294 1045 352 1109 ihil
375 1068 470 1130 quem
493 1043 643 1128 diligebat
665 1043 717 1106 ihs
740 1044 861 1109 ualdne.
877 1040 905 1079 ²⁴
915 1042 1023 1107 innuit
1046 1065 1118 1127 ergo
1141 1043 1171 1107 ei
1197 1043 1297 1108 simon
1327 1052 1437 1129 petrus

202 1157 235 1212 et
258 1147 339 1212 dioit
361 1147 401 1212 ei.
427 1147 586 1230 interroga
610 1146 680 1231 quis
703 1152 751 1210 est
773 1147 822 1224 [do
846 1168 907 1230 quo
931 1143 1028 1227 dioill.
1083 1143 1110 1182 ²⁵
1158 1146 1360 1211 Recumbens
1383 1169 1437 1210 au·

203 1259 268 1314 tem
291 1249 343 1313 ille
367 1272 462 1336 super
485 1257 596 1336 peetus
623 1248 680 1313 ihl'l
713 1248 789 1314 dioit
821 1247 860 1312 ei.
895 1249 958 1312 dire
993 1247 1063 1333 quis
1087 1255 1143 1312 est.
1189 1247 1216 1285 ²⁶
1259 1248 1437 1334 Respondit

205 1352 265 1416 ihs.
289 1352 344 1416 ille
368 1358 416 1418 est
439 1353 489 1417 oui
514 1374 572 1436 ego
595 1351 763 1416 intinotum
787 1373 900 1436 panem
924 1373 1102 1436 porrexero.
1136 1351 1273 1415 Et'oum
1293 1349 1438 1415 intinxis-

201 1464 250 1520 set
271 1478 384 1541 penem
409 1454 496 1520 dedit
524 1454 618 1519 iudae
644 1453 774 1518 simonis
797 1453 972 1518 iscariotae,
991 1452 1062 1518 ²⁷et
1092 1462 1163 1538 post
1192 1453 1363 1518 buooellam
1392 1452 1438 1516 in-

201 1557 313 1622 troiuit
334 1556 367 1621 in
390 1555 478 1621 illum
506 1563 641 1622 satanas.
675 1555 764 1620 Dioit
786 1578 859 1640 ergo
882 1555 912 1619 ei
935 1555 997 1619 ihs.
1023 1556 1107 1640 quod
1130 1555 1206 1620 feois
1228 1554 1278 1621 feo
1293 1554 1437 1621 eelerius.

203 1657 302 1725 28hoo
323 1664 431 1724 autem
453 1682 547 1724 nemo
570 1657 803 1724 disoubentinm
828 1657 922 1723 sciuit
945 1657 984 1722 ad
1008 1658 1086 1741 quid
1117 1657 1235 1722 dixerit
1263 1658 1300 1722 ei.
1324 1655 1352 1694 ²⁹
1373 1657 1439 1732 qui·

204 1763 275 1826 dam
300 1761 385 1826 enim
407 1762 564 1847 putabant
588 1761 663 1846 quia
683 1761 802 1826 looulos
823 1761 960 1825 habebat
982 1759 1073 1825 iudas
1105 1761 1180 1844 quia
1208 1759 1284 1824 dioit
1313 1759 1359 1823 illi
1376 1761 1436 1824 ihs.

204 1887 275 1928 eme
298 1887 336 1928 ea
359 1887 440 1949 queo
463 1887 546 1950 opus
570 1869 645 1929 sunt
666 1863 756 1929 nobis
778 1863 817 1928 nd
846 1863 930 1926 diem
958 1862 1073 1927 festum
1103 1871 1158 1928 aut
1185 1863 1291 1947 egenis
1321 1868 1358 1926 ut
1388 1861 1440 1926 ali·

205 1966 281 2052 quid
304 1966 402 2031 daret.
450 1965 478 2004 ³⁰
525 1965 607 2031 Cum
631 1989 704 2051 ergo
726 1965 895 2050 adcipisset
916 1988 1031 2051 panem
1054 1965 1156 2030 exiuit
1185 1967 1344 2030 continuo.
1374 1971 1443 2030 erat

205 2073 312 2134 autem
325 2092 397 2134 nox.
412 2067 438 2106 ³¹
451 2092 522 2134 oum
548 2092 621 2153 ergo
645 2069 762 2134 exisset
784 2067 862 2134 dioit
884 2068 944 2132 ihs.
969 2092 1053 2132 nuno
1077 2067 1262 2132 clarificatus
1288 2075 1336 2132 est
1357 2067 1441 2131 filius

205 2171 345 2236 hominis
369 2179 401 2236 et
423 2172 461 2235 ds
486 2172 676 2236 clarificatus
699 2181 747 2236 est
769 2172 803 2235 in
826 2194 868 2236 eo.
887 2169 914 2207 ³²
927 2169 953 2234 si
977 2171 1014 2234 ds
1037 2170 1223 2234 clarificatus
1252 2171 1310 2252 [θεῖ
1335 2173 1380 2248 in]
1404 2193 1442 2234 θο

208 2282 240 2339 θῖ
263 2274 300 2338 ds
324 2272 509 2339 olarifioauit
532 2297 604 2338 eum
628 2274 660 2337 in
684 2273 852 2359 semetipso
876 2280 907 2337 et
929 2272 1079 2337 continuo
1102 2271 1285 2338 olarifioauit
1305 2296 1388 2338 eum.

291 2375 446 2440 XXVII.
493 2374 520 2412 ³³
565 2375 672 2440 Filioli
696 2376 798 2441 adhue
820 2375 980 2440 modioum
1003 2374 1168 2439 nobiseum
1184 2398 1253 2440 sum
1270 2384 1303 2440 θῖ
1330 2398 1440 2460 quere·

205 2478 248 2545 tis
273 2503 322 2542 me
346 2486 378 2542 et
400 2477 482 2542 siout
504 2479 572 2542 dixi
594 2478 716 2544 iudaeis
738 2502 801 2563 quo
824 2501 881 2563 ego
904 2479 985 2542 uado
1010 2501 1066 2542 uos
1088 2501 1151 2541 non
1176 2478 1307 2562 potestis
1330 2476 1442 2542 uenire

208 2591 240 2645 et
264 2581 355 2647 uobis
377 2579 446 2644 dioo
470 2581 570 2645 modo.
586 2578 804 2666 3⁴preceptum
829 2603 948 2645 nouum
971 2580 1010 2645 do
1034 2579 1124 2644 uobis
1146 2589 1182 2644 ut
1204 2580 1342 2665 diligatis
1360 2579 1443 2644 inui-

212 2706 280 2748 oem
304 2682 386 2748 siout
412 2682 509 2747 dilexi
531 2707 589 2748 nos
614 2685 659 2766 [ut
682 2690 714 2749 ot
736 2685 802 2766 uos]
826 2683 966 2767 diligatis
988 2682 1137 2748 inuicem.
1183 2681 1210 2720 ³⁵
1246 2684 1286 2746 In
1301 2684 1361 2748 hoo
1376 2706 1443 2768 eog-

208 2791 339 2851 nosoent
361 2809 470 2850 omnes
493 2786 572 2872 quia
594 2785 739 2872 discipuli
765 2786 827 2851 rnei
850 2787 926 2851 estis
949 2785 976 2850 si
998 2784 1198 2850 dilectionem
1214 2786 1387 2850 habueritis
1403 2786 1444 2850 ad

210 2885 488 2954 inuioem.³⁶dioit
511 2889 541 2953 ei
564 2890 666 2954 simon
688 2900 796 2974 petrus
828 2889 890 2953 dire
925 2911 986 2974 quo
1023 2884 1132 2952 uadis.¹
1171 2887 1349 2975 Respondit
1381 2887 1443 2951 ihs.

211 3015 273 3076 quo
296 3015 353 3076 ego
376 2991 457 3055 uado
479 3015 542 3056 non
565 2999 655 3077 potes
678 3015 728 3057 me
750 2991 842 3056 modo
865 2990 956 3075 sequi
978 2989 1123 3075 sequeris
1146 2999 1251 3056 autem
1274 3000 1390 3075 postea.
1416 2988 1445 3027 ³⁷

212 3093 301 3159 Dioit
323 3092 354 3157 ei
376 3100 498 3179 petrus.
523 3094 585 3158 dire
608 3116 705 3178 quare
727 3117 790 3158 non
813 3116 941 3179 possum
964 3098 996 3157 te
1018 3093 1109 3177 sequi
1124 3093 1261 3157 animam
1274 3115 1377 3156 meam
1389 3114 1447 3177 pro

211 3205 242 3262 te
263 3220 392 3283 ponem.
426 3193 453 3232 ³⁸
487 3194 665 3282 Respondit
687 3196 717 3260 ei
740 3197 800 3260 ihs.
824 3196 963 3260 animam
987 3202 1074 3260 tuum
1090 3219 1146 3281 pro
1162 3219 1213 3259 me
1227 3216 1334 3280 pones.
1352 3217 1445 3258 amen

212 3322 305 3363 amen
328 3298 398 3363 dioo
421 3297 479 3363 tibi
502 3321 565 3362 non
588 3298 729 3364 cantauit
750 3299 851 3384 gallus
875 3298 974 3364 donee
996 3311 1031 3362 tu
1055 3322 1107 3362 me
1129 3306 1178 3362 ter
1200 3321 1306 3382 neges.
1323 3306 1361 3373 (o.
1383 3298 1444 3376 14).

214 3400 225 3436 ¹
269 3403 342 3466 Nou
367 3401 511 3466 turbetur
535 3423 587 3466 cor
610 3406 759 3466 uestrum.
784 3401 912 3466 creditis
935 3401 1042 3465 indm
1066 3409 1098 3465 et
1123 3400 1156 3464 in
1186 3424 1237 3464 me
1260 3399 1387 3464 credite.
1433 3397 1448 3435 ²

213 3506 253 3569 In
276 3505 368 3568 domo
390 3503 489 3588 patris
513 3503 577 3567 mei
600 3504 780 3570 mansiones
802 3509 920 3567 multae
943 3503 1066 3568 suntsi
1089 3526 1151 3587 quo
1173 3502 1279 3566 minus
1294 3502 1445 3566 dixissem

213 3607 303 3671 uobis
327 3605 401 3691 quie
423 3605 504 3670 uado
528 3628 638 3691 parare
660 3607 752 3670 uobis
775 3605 957 3670 looum.³et
984 3606 1011 3670 si
1042 3605 1148 3670 abiero
1177 3618 1209 3668 et
1236 3627 1446 3690 preparauero

214 3707 305 3773 uobis
327 3709 429 3772 locum
454 3707 570 3772 iterum
594 3708 688 3772 uenio
711 3712 744 3772 θῖ
766 3707 905 3774 adoersio
931 3707 1103 3792 [accipiam]
1128 3732 1184 3774 uos
1207 3709 1246 3773 ad
1270 3709 1446 3794 meipsum

214 3820 250 3876 ut
272 3811 326 3875 ubi
350 3833 420 3874 sum
443 3833 500 3890 ego
526 3818 557 3876 et
579 3834 636 3875 uos
660 3809 810 3876 sitis.4et
833 3833 894 3895 quo
917 3811 999 3875 uado
1023 3810 1109 3876 soitis
1132 3818 1163 3876 et
1186 3811 1272 3876 uiam
1294 3810 1401 3875 nostis.
1434 3808 1447 3846 ⁵

215 3913 305 3979 Dioit
327 3915 354 3977 ei
378 3914 501 3978 thomas
523 3914 586 3978 dire
615 3912 774 3978 nescimus
809 3937 871 3998 quo
904 3912 994 3976 uadis
1028 3919 1060 3977 et
1092 3913 1247 3998 quomodo
1280 3936 1447 3998 possumus

216 4016 301 4080 uiam
325 4013 413 4080 seire.
460 4015 473 4054 ⁶
516 4015 606 4082 Dioit
628 4015 657 4080 ei
680 4015 732 4079 ihs
755 4038 813 4100 ego
835 4039 905 4079 sum
928 4016 1012 4078 uiam
1038 4022 1070 4081 et
1085 4016 1203 4080 ueritas
1222 4024 1253 4080 θῖ
1272 4015 1340 4080 uita
1355 4039 1447 4081 nemo

216 4118 308 4183 uenit
330 4117 369 4182 ed
391 4123 513 4204 petrem
536 4118 599 4184 nisi
620 4141 678 4203 per
698 4142 757 4183 me.
774 4117 823 4182 Isi
847 4117 1041 4202 cognouistis
1063 4142 1114 4183 me
1136 4125 1168 4182 θῖ
1189 4126 1311 4203 putrem
1340 4142 1446 4183 meum

217 4220 408 4306 cognouistis
431 4227 463 4284 et
485 4221 596 4286 amodo
619 4219 718 4286 nostis
741 4244 813 4284 eum
836 4229 868 4284 et
890 4218 1016 4284 uidistis
1040 4244 1122 4284 eum.
1168 4218 1182 4257 ⁸
1225 4219 1314 4284 Dicit
1336 4220 1365 4284 ei
1381 4221 1448 4307 phi·

217 4323 330 4410 lippus.
355 4323 418 4386 dire
440 4323 570 4388 ostende
592 4323 682 4389 nobis
704 4331 824 4408 patrem
849 4328 881 4387 θῖ
903 4322 1021 4388 suffieit
1042 4324 1139 4387 nobis.
1177 4320 1190 4359 ⁹
1221 4321 1312 4387 Dioit
1334 4322 1363 4387 ei
1386 4322 1445 4386 ihs.

217 4433 343 4491 tautum
366 4423 484 4510 tdporis
507 4426 671 4492 uobisoum
694 4450 764 4491 sum
787 4433 818 4490 θῖ
841 4449 903 4489 non
927 4424 1122 4508 cognouistis
1145 4449 1195 4490 me
1221 4424 1363 4512 philippe
1392 4425 1449 4509 qui

218 4528 308 4593 uidet
330 4550 382 4590 me
405 4525 495 4592 uidet
516 4534 549 4593 et
570 4535 700 4615 patrem.
726 4528 878 4614 quomodo
901 4536 935 4592 tu
959 4527 1038 4594 diois
1061 4529 1190 4593 ostende
1213 4527 1303 4592 nobis
1326 4533 1448 4613 patrem

220 4629 248 4668 ¹⁰
258 4653 321 4696 non
346 4629 473 4695 oreditis
497 4630 571 4716 quie
594 4654 650 4716 ego
672 4631 705 4695 in
728 4640 848 4716 patrem
874 4639 906 4696 et
928 4639 1017 4716 pater
1039 4629 1073 4694 in
1096 4655 1147 4695 me
1176 4637 1232 4695 est.
1265 4631 1362 4695 uerba
1387 4653 1449 4714 que

1261 4731 1293 4784 4.
