3467 5192
284 275 326 339 16
709 273 746 338 (c.
767 273 811 340 21)
829 271 1010 338 euangelium
1029 287 1086 324 sec.

283 451 317 508 et
339 443 499 509 edificauit
520 450 637 509 turrem
661 450 694 509 et
715 443 832 509 locauit
854 466 923 508 eam
946 439 1064 506 colonis
1087 448 1118 504 et
1132 462 1262 526 peregre
1276 437 1436 525 profectus
1451 444 1507 504 est.

174 549 178 556 ’
235 549 238 555 ’
287 543 314 582 ³⁴
336 545 418 611 Oum
441 553 546 610 autem
570 556 694 632 tempus
717 544 877 611 fructuum
907 543 1187 631 adpropinquasset
1213 540 1299 606 misit
1330 564 1436 607 seruos
1469 541 1508 605 ad

283 648 410 713 colonos
434 653 470 713 ut
492 647 674 734 adaiperent
695 648 734 714 de
756 646 911 713 fructibus
933 645 1012 712 eius.
1026 645 1053 684 ³⁵
1065 644 1166 711 coloni
1180 649 1284 710 autem
1306 641 1509 729 apprehensis

283 750 386 816 seruis
420 774 517 814 unum
555 750 737 817 oeciderunt
768 749 866 814 alium
909 772 985 814 uero
1028 733 1250 834 lapidauerunt
1288 746 1384 811 alium
1433 747 1509 811 occi-

284 853 410 917 derunt.
434 849 462 890 ⁴⁶
483 853 604 917 Iterum
628 850 715 917 misit
737 853 814 917 alios
836 875 943 917 seruos
971 852 1077 939 plures
1110 851 1266 936 prioribus
1300 860 1331 914 et
1367 849 1509 915 fecerunt

245 1043 248 1046 Ι
284 955 350 1020 illis
372 953 524 1020 similiter.
540 953 567 992 11
579 953 750 1020 nouissime
773 961 879 1020 autem
901 953 989 1018 misit
1011 955 1049 1018 ad
1072 975 1124 1017 eos
1146 952 1245 1017 filium
1270 975 1361 1017 suurn
1379 952 1507 1017 unicum
1567 989 1569 992 ⁴

287 1057 406 1122 dicens.
431 1056 565 1122 forsitan
588 1058 781 1122 uerebuntur
808 1057 909 1122 filiurn
936 1080 1051 1126 meum.
1068 1053 1096 1092 ³⁸
1113 1053 1215 1121 coloni
1237 1062 1342 1121 autem
1365 1054 1509 1120 uidentes

284 1159 386 1225 filium
410 1159 479 1226 eius
502 1160 651 1224 dixerunt
673 1160 755 1224 intra
777 1183 821 1224 se.
843 1158 896 1225 hic
918 1154 1077 1223 est‘heres
1106 1157 1213 1222 uenite
1232 1157 1410 1222 occidamus
1436 1181 1509 1222 eum

286 1269 319 1327 et
341 1262 525 1328 habebimus
548 1261 753 1327 hereditatem
777 1261 853 1326 eius,
879 1258 907 1297 ⁸⁹
929 1262 972 1325 Et
995 1261 1224 1347 adprehensum
1248 1283 1320 1324 eum
1334 1261 1510 1342 [eiecerunt

286 1388 361 1430 eum
384 1373 474 1430 extra
496 1365 599 1446 uinea]
624 1364 805 1430 occiderunt
817 1362 845 1401 ⁴⁰
856 1371 889 1428 et
900 1388 970 1429 curn
993 1385 1066 1448 ergo
1083 1361 1207 1426 uenerit
1223 1363 1290 1426 dms
1305 1361 1418 1426 uineae
1434 1361 1510 1446 quid

286 1467 383 1533 faciet
405 1467 522 1533 colonis
544 1467 618 1531 illis.
642 1465 669 1503 ⁴¹
693 1467 813 1532 Dicunt
827 1466 875 1531 illi
891 1466 972 1530 male
987 1466 1096 1552 perdet
1111 1487 1163 1530 eos
1178 1476 1210 1528 et
1224 1464 1351 1528 uineam
1367 1486 1455 1529 suam
1470 1470 1510 1528 lo·

285 1569 373 1634 oebit
388 1569 451 1636 illis
467 1569 584 1635 colonis
596 1570 650 1654 qui
663 1570 795 1634 reddant
806 1569 836 1633 ei
847 1568 983 1633 fructum
997 1567 1189 1652 temporibus
1201 1565 1274 1630 suis.
1298 1564 1326 1602 ⁴⁴
1349 1567 1437 1632 Dicit
1448 1567 1510 1632 illis

287 1672 340 1736 ihs
356 1696 528 1757 numquam
543 1671 664 1756 legistis
688 1673 720 1735 in
744 1670 906 1758 scripturis
929 1670 1063 1756 lapidem
1085 1693 1177 1754 quern
1200 1668 1443 1754 reprobaberunt
1459 1693 1508 1735 ae·

286 1774 451 1840 dificantes
466 1774 518 1840 hic
533 1773 633 1840 factus
657 1781 703 1840 est
726 1773 758 1837 in
783 1783 877 1860 caput
900 1771 1016 1858 anguli.
1040 1773 1135 1836 adiro
1157 1770 1258 1836 factus
1279 1770 1331 1835 hic
1354 1780 1403 1835 est
1418 1771 1508 1835 mira-

286 1875 362 1941 bilis
395 1875 493 1942 oculis
509 1876 631 1942 nostris.
658 1875 686 1912 ⁴³
707 1876 785 1941 Ideo
808 1877 877 1940 dico
901 1875 989 1940 uobis
1011 1875 1085 1959 quia
1108 1873 1267 1938 auferetur
1289 1898 1306 1936 a
1330 1874 1418 1938 uobis
1446 1898 1510 1959 reg·

290 2003 365 2042 num
388 1979 420 2044 di
439 1987 470 2044 et
482 1979 607 2044 dabitur
620 1979 707 2064 genti
720 1978 849 2044 facienti
867 1977 987 2042 fructus
1004 1977 1071 2041 eius
1083 1975 1112 2012 ⁴⁴
1126 1977 1168 2058 [et
1187 1975 1240 2060 qui
1257 1975 1404 2040 ceciderit
1418 1999 1512 2062 super·

289 2081 428 2169 lapidem
445 2081 543 2147 istum
568 2068 781 2167 confringetur
795 2104 890 2167 super
901 2103 994 2164 quem
1011 2102 1086 2143 uero
1103 2077 1251 2144 ceciderit
1266 2084 1405 2144 conteret
1427 2080 1509 2160 eum]

287 2183 318 2223 ⁴⁵
330 2191 361 2249 et
377 2208 446 2249 cum
461 2184 647 2267 audisselnlt
664 2184 821 2274 principes
838 2183 1033 2248 sacerdotum
1049 2190 1081 2246 et
1099 2180 1256 2266 pharisaei
1271 2181 1432 2266 parabolas
1444 2180 1512 2246 eius

288 2293 506 2368 cognouerunt
528 2288 609 2372 quod
633 2288 671 2351 de
694 2286 770 2372 ipsis
794 2285 871 2351 dicit
881 2284 910 2324 ⁴⁴
922 2292 953 2349 et
974 2292 1140 2370 querentes
1168 2307 1238 2348 eum
1267 2289 1374 2348 tenere
1402 2282 1513 2347 timue·

290 2397 365 2455 runt
386 2390 517 2478 populos
541 2389 688 2475 quoniam
712 2388 793 2454 sicut
814 2389 999 2474 prophetam
1022 2388 1179 2451 habebant
1201 2409 1284 2449 eum.
1308 2392 1348 2460 (c.
1378 2386 1434 2462 22)
1455 2385 1515 2451 ¹et

288 2493 481 2579 respondens
503 2492 618 2557 iterum
642 2491 692 2556 ihs
722 2491 804 2556 dixit
835 2491 881 2555 eis
915 2489 1023 2556 dicens
1050 2487 1114 2553 illis
1143 2489 1175 2552 in
1209 2486 1365 2572 parabolis
1382 2487 1394 2524 1
1411 2488 1513 2552 simile

292 2597 352 2660 erit
374 2618 505 2681 regnum
529 2594 685 2660 caelorum
708 2594 830 2658 homini
859 2591 924 2678 regi
956 2592 1011 2676 qui
1038 2591 1115 2657 fecit
1142 2590 1268 2676 nuptias
1296 2589 1360 2654 filio
1391 2587 1514 2655 suo³et

292 2697 378 2762 misit
400 2720 506 2762 seruos
529 2720 600 2762 suos
623 2720 735 2761 uocare
758 2695 909 2760 inuitatos
931 2694 971 2758 ad
993 2693 1129 2780 nuptias.
1153 2702 1185 2757 et
1206 2692 1375 2757 noluerunt
1394 2692 1513 2758 uenire.

289 2801 306 2835 ⁴
327 2800 447 2864 Iterum
472 2799 558 2864 misit
579 2799 657 2863 alios
679 2821 786 2863 seruos
817 2797 924 2862 dicens
952 2797 1047 2861 dicite
1076 2794 1221 2860 inuitatis
1247 2817 1319 2859 ecce
1349 2795 1513 2879 prandium

292 2926 398 2966 meum
420 2901 531 2988 paraui
554 2901 637 2966 tauri
660 2905 690 2965 et
720 2899 863 2984 saginata
886 2890 956 2965 mea
984 2899 1085 2964 occisa
1114 2905 1188 2962 suut
1214 2903 1246 2961 et
1274 2895 1380 2963 omnia
1407 2904 1516 2984 parata

296 3004 405 3068 uenite
427 3004 467 3068 ad
490 3001 711 3089 nuptias.⁵illi
735 3011 838 3067 autem
860 3003 1069 3085 neglexerunt
1098 3010 1130 3065 et
1156 3001 1301 3067 abierunt
1326 3000 1368 3065 ali
1397 2999 1431 3064 in
1461 2999 1517 3064 uil-

289 3107 355 3171 lam
378 3129 465 3172 suam
490 3105 532 3170 ali
554 3128 629 3170 uero
652 3105 691 3170 ad
715 3104 959 3192 negotiationem
983 3126 1071 3196 suam
1086 3102 1225 3188 ⁶reliqui
1247 3126 1322 3168 uero
1344 3110 1518 3168 tenuerunt

293 3231 400 3273 seruos
423 3209 491 3272 eius
514 3213 545 3273 et
567 3205 774 3273 contumelias
803 3207 931 3272 affectos
959 3206 1147 3272 occiderunt.
1185 3205 1196 3244 1
1228 3207 1289 3271 Ille
1316 3206 1429 3270 'autem
1451 3229 1518 3296 ¹rex

291 3334 365 3376 oum
388 3310 526 3374 audisset
547 3311 646 3375 iratus
669 3320 716 3374 est
738 3318 770 3374 et
792 3309 879 3374 misit
901 3310 1074 3374 exercitum
1097 3332 1189 3374 suum
1212 3316 1244 3373 et
1266 3307 1403 3394 perdidit
1416 3306 1516 3371 homi·

292 3413 378 3479 cidas
400 3413 472 3478 illos
494 3422 526 3478 et
548 3411 710 3478 ciuitatem
734 3435 841 3477 eorum
865 3412 1038 3476 sudcendit.
1066 3409 1080 3447 ⁸
1112 3411 1204 3476 Tunc
1237 3411 1283 3475 ait
1318 3410 1417 3475 seruis
1451 3409 1516 3472 suis

294 3514 424 3601 nuptiae
447 3514 571 3598 quidem
596 3520 722 3601 paratae
744 3520 818 3579 sunt
840 3515 894 3579 sed
925 3513 981 3600 qui
1010 3520 1099 3579 erant
1127 3511 1256 3579 inuitati
1291 3536 1355 3577 non
1387 3509 1517 3576 fuerunt

292 3615 463 3702 digni⁹ite
486 3639 559 3700 ergo
582 3617 621 3681 ad
643 3616 749 3682 exitus
771 3617 896 3681 uiarum
919 3622 951 3680 et
973 3638 1188 3702 quoscumque
1203 3613 1390 3679 inueneritis
1405 3619 1516 3678 uocate

292 3720 334 3784 ad
356 3719 482 3806 nuptias
495 3717 522 3756 ¹⁰
533 3727 565 3784 et
587 3719 701 3803 egressi
725 3725 799 3784 sunt
820 3718 906 3784 serui
928 3718 996 3783 eius
1018 3723 1289 3803 congregauerunt
1310 3739 1418 3781 omnes
1433 3715 1515 3800 quod

291 3821 489 3888 inuenerunt
511 3824 608 3887 malos
638 3829 669 3886 et
696 3823 793 3887 bonos
822 3829 853 3887 et
883 3821 1032 3906 impletae
1058 3827 1132 3885 sunt
1160 3819 1290 3906 nuptiae
1319 3819 1515 3884 discumben-

293 3923 384 3990 tium.
409 3923 436 3959 11
459 3925 598 3990 Intrauit
620 3927 725 3989 autern
748 3948 805 3989 rex
826 3930 862 3988 ut
888 3921 1010 3989 uideret
1043 3923 1263 3989 discunbentes
1297 3927 1329 3985 et
1360 3921 1440 3986 uidit
1472 3919 1517 3984 ibi

291 4024 454 4092 hominem
477 4050 541 4091 non
563 4034 683 4092 uestem
706 4024 881 4112 nuptialem
895 4024 922 4062 ¹⁴
936 4032 968 4090 et
996 4025 1041 4091 ait
1068 4024 1245 4090 illitamioe.
1273 4025 1429 4109 quomodo
1458 4024 1518 4088 hoc

295 4127 414 4194 uenisti
436 4153 500 4194 non
522 4131 641 4194 habens
663 4136 752 4194 ueste
776 4127 959 4214 nuptialem.
990 4128 1028 4192 ad
1061 4127 1116 4192 ille
1138 4127 1296 4192 obmutuit
1312 4124 1339 4163 ¹³
1357 4134 1431 4192 tunc
1461 4147 1517 4188 rex

296 4231 378 4297 dixit
399 4231 552 4298 ministris
574 4231 675 4298 tollite
698 4231 788 4295 illum
813 4231 957 4296 manibus
979 4230 1164 4316 etpedibus
1187 4240 1219 4295 et
1244 4229 1362 4296 mittite
1389 4225 1518 4292 eumin

294 4337 440 4401 tenebras
466 4335 638 4400 exterioris.
663 4333 707 4398 ibi
730 4333 790 4398 erit
811 4334 903 4398 fletus
925 4340 958 4399 et
979 4332 1093 4398 stridor
1114 4331 1257 4399 dentium
1277 4331 1304 4370 11
1319 4330 1412 4396 multi
1433 4329 1516 4397 enim

295 4443 371 4502 sunt
391 4437 495 4502 uocati
518 4437 610 4523 pauci
632 4461 707 4502 uero
732 4437 831 4502 electi.

382 4539 515 4604 LXIII.
541 4538 567 4577 ¹⁵
590 4540 681 4604 Tunc
704 4539 849 4603 abierunt
870 4537 1027 4625 pharisaei
1051 4537 1216 4604 consilium
1240 4537 1382 4603 fecerunt
1408 4542 1444 4602 ut
1472 4556 1519 4600 ca·

294 4646 408 4730 perant
441 4666 512 4708 oum
546 4642 579 4706 in
611 4643 707 4706 uerbo
735 4638 763 4679 ¹⁶
785 4626 817 4707 et
839 4640 970 4706 mittunt
992 4643 1030 4707 ad
1053 4665 1106 4707 eos
1140 4641 1308 4727 discipulos
1342 4663 1414 4705 suos
1447 4660 1519 4702 cum
