3467 5192
311 259 355 323 80
743 257 781 322 (o.
803 257 845 324 11)
864 257 1046 324 euangelium
1064 273 1112 310 sec

313 429 413 494 uobis.
436 427 535 513 petite
558 433 590 493 et
610 427 735 492 dabitur
756 427 847 493 uobis
869 427 1013 513 quaerite
1035 433 1068 492 et
1089 425 1260 492 inuenietis
1283 426 1405 511 pulsata
1421 431 1453 491 et
1471 449 1541 512 ape

312 530 413 596 rietur
434 531 532 595 uobis.
579 529 606 566 ¹⁰
650 528 764 596 Omnis
789 530 875 594 enim
898 529 954 616 qui
976 529 1059 616 petit
1080 529 1206 616 adoepit
1226 534 1258 594 et
1280 527 1336 613 qui
1362 527 1467 613 querit
1494 527 1541 592 in·

233 645 242 658 ¹
313 632 404 698 uenit
426 639 458 698 et
480 633 618 718 pulsanti
641 632 807 717 aperietur.
823 631 878 696 lla
900 655 963 718 quo
985 639 1093 698 autem
1126 637 1235 718 patrae
1264 655 1305 696 ex
1338 630 1428 696 uobis
1461 632 1543 716 petit

312 734 397 800 filius
421 734 489 800 eius
511 733 629 820 piscem
652 733 808 820 numquid
830 758 887 820 pro
909 734 1027 820 piscem
1050 740 1197 820 serpente
1219 735 1307 800 dabit
1329 731 1387 798 illi.
1422 732 1449 770 ¹²
1471 733 1543 798 Aut

314 836 340 902 si
363 836 491 923 petierit
513 860 609 901 ouum
635 837 791 921 numquid
823 837 963 922 porriget
994 836 1044 900 illi
1077 836 1281 922 scorpionem.
1328 835 1355 874 ¹³
1398 835 1435 902 Si
1469 859 1542 920 ergo

314 962 371 1004 uos
394 959 466 1005 cum
489 939 557 1004 sitis
580 939 656 1003 mali
685 939 783 1004 nostis
814 939 897 1004 bona
930 939 1004 1003 data
1036 940 1110 1003 dare
1140 939 1214 1004 filiis
1245 939 1367 1004 uestris.
1413 937 1543 1022 Quanto

314 1041 415 1127 magis
437 1048 527 1126 pater
548 1052 655 1108 uester
677 1041 716 1106 de
739 1042 826 1107 caelo
848 1041 936 1106 dabit
957 1043 1074 1106 bonum
1097 1042 1204 1108 datum
1226 1041 1407 1127 petentibus
1427 1063 1471 1104 se.

399 1143 553 1208 XXXV.
598 1143 626 1181 ¹⁴
667 1145 713 1208 Et
734 1151 801 1209 erat
822 1144 896 1208 dum
921 1143 1008 1209 eiicit
1029 1143 1212 1208 demonium
1234 1149 1267 1208 et
1287 1143 1368 1208 illud
1389 1141 1451 1208 fuit
1472 1166 1541 1206 rnu-

314 1255 391 1312 tum.
416 1252 541 1311 etcum
565 1247 690 1312 eicisset
712 1254 836 1311 mutum
859 1245 1039 1311 demonium
1063 1246 1189 1311 locutus
1211 1254 1259 1310 est
1280 1258 1388 1313 mutus
1421 1250 1454 1310 et
1479 1267 1543 1310 om·

314 1372 371 1414 nes
393 1349 503 1412 turbae
526 1356 725 1434 stupuerunt.
772 1347 798 1386 ¹⁵
842 1347 981 1431 Quidam
1010 1353 1115 1413 autem
1143 1371 1184 1412 ex
1212 1347 1366 1433 phariseis
1393 1346 1543 1412 dixerunt

316 1451 350 1515 in
371 1449 512 1515 belzebul
535 1450 709 1536 prinoipem
733 1451 950 1516 demoniorum
974 1449 1121 1515 demonia
1149 1450 1245 1515 eiicit.
1260 1449 1330 1516 ¹⁶et
1360 1449 1415 1514 alii
1441 1455 1542 1535 temp·

315 1559 419 1617 tentes
440 1551 566 1636 signum
589 1553 627 1617 de
651 1554 717 1618 celo
747 1554 921 1637 querebant
951 1554 989 1617 ab
1022 1577 1069 1619 ec.
1115 1551 1141 1591 ¹⁷
1184 1554 1259 1637 Ipse
1291 1561 1397 1618 autem
1430 1551 1543 1616 uidens

317 1655 522 1739 cogitationes
545 1678 653 1720 eorum
677 1654 768 1719 dixit.
814 1653 918 1720 Omne
941 1678 1074 1739 regnum
1096 1655 1128 1720 in
1152 1679 1186 1720 se
1208 1655 1312 1739 ipsum
1335 1654 1474 1720 diuisum
1489 1654 1542 1718 de·

316 1756 468 1822 solabitur
490 1767 522 1822 et
544 1758 655 1822 domus
678 1781 772 1842 snpra
794 1758 921 1821 domum
955 1757 1055 1823 cadet.
1102 1755 1128 1794 ¹⁸
1171 1757 1208 1824 si
1241 1764 1274 1822 et
1306 1762 1431 1822 satanas
1461 1764 1542 1821 sata·

315 1883 389 1924 nam
412 1859 488 1924 eicit
510 1860 544 1924 in
566 1883 599 1924 se
621 1863 723 1945 ipsum
748 1859 887 1924 diuisum
911 1869 959 1926 est
981 1861 1137 1945 quomodo
1159 1859 1256 1925 stabit
1282 1883 1413 1944 regnum
1443 1857 1543 1944 ipsius

317 1961 393 2047 quia
416 1961 520 2028 dicitis
543 1962 692 2047 quoniam
714 1962 747 2025 in
770 1963 915 2027 belzebul
945 1961 1119 2048 prinoipem
1152 1961 1335 2027 demonium
1366 1959 1458 2027 eiicio
1491 1962 1543 2026 de·

316 2062 557 2149 monia¹⁹quod
580 2063 607 2128 si
630 2087 687 2148 ego
710 2064 744 2128 in
766 2064 910 2129 belzebul
933 2064 1012 2129 eicio
1034 2064 1093 2129 filii
1120 2064 1220 2130 uestri
1250 2065 1282 2127 in
1317 2086 1379 2147 quo
1402 2063 1542 2130 eiieiunt

317 2166 388 2230 ideo
412 2166 472 2251 ipsi
494 2167 615 2232 iudices
638 2174 731 2231 erunt
752 2165 859 2231 uestri.
906 2164 934 2203 2⁰
977 2166 1041 2232 Sed
1062 2165 1090 2230 si
1112 2166 1146 2229 in
1168 2166 1267 2251 digito
1289 2167 1322 2231 di
1344 2165 1424 2231 eicio
1439 2166 1544 2231 demo·

318 2268 373 2333 nia
395 2270 533 2354 profecto
556 2268 704 2354 prouenit
725 2269 757 2332 in
781 2292 837 2333 nos
860 2292 992 2352 regnum
1015 2269 1056 2333 di.
1071 2267 1181 2334 21cum
1208 2267 1297 2333 fortis
1323 2274 1462 2334 armatus
1491 2291 1544 2333 cu·

317 2370 414 2437 studit
436 2372 547 2436 atrium
570 2394 663 2436 sunm
686 2370 717 2434 in
742 2394 818 2456 pace
841 2379 914 2436 sunt
938 2395 976 2436 ea
998 2395 1078 2455 quae
1100 2371 1248 2457 possidet.
1261 2369 1327 2436 ”si
1350 2377 1456 2436 autem
1489 2369 1546 2435 for-

318 2473 379 2538 tior
402 2473 457 2537 illo
479 2474 684 2558 superuenies
708 2472 821 2538 uicerit
849 2497 922 2537 eum
956 2473 1107 2538 uniuersa
1139 2497 1226 2538 arma
1257 2473 1325 2539 eius
1358 2472 1482 2538 auferet
1512 2472 1546 2536 in

319 2575 433 2661 quibus
456 2575 630 2640 confidebat
653 2582 684 2640 et
706 2574 806 2660 spolia
827 2575 897 2640 eius
920 2575 1096 2641 distribuet.
1142 2573 1169 2610 ²⁸
1213 2574 1278 2659 Qui
1308 2599 1371 2640 non
1405 2582 1453 2640 est
1485 2598 1548 2638 me·

318 2702 391 2743 cum
414 2678 582 2742 aduersum
610 2701 661 2741 me
693 2686 740 2742 est
774 2685 806 2742 et
839 2677 895 2761 qui
927 2701 991 2742 non
1025 2677 1156 2761 conligit
1189 2701 1312 2743 mecum
1346 2676 1475 2762 spargit.
1521 2674 1549 2713 ²⁴

320 2780 401 2845 Oum
425 2779 607 2843 immundus
630 2785 683 2865 sps
707 2777 821 2844 exierit
843 2780 883 2844 de
905 2779 1034 2844 homine
1065 2780 1263 2865 perambulat
1296 2779 1335 2843 de
1364 2779 1433 2844 loca
1465 2800 1547 2863 quae

319 2907 382 2948 non
406 2883 524 2946 habent
545 2904 659 2965 aquam
677 2904 831 2967 quaerens
848 2882 990 2966 requiem
1000 2891 1032 2946 et
1042 2905 1106 2947 non
1118 2881 1316 2961 inuenietn)s
1335 2879 1421 2947 dicit.
1440 2903 1544 2946 reuer-

319 2992 368 3049 tar
389 2983 422 3048 in
447 2985 572 3048 domum
597 3007 699 3048 meam
731 2984 815 3048 unde
847 2983 945 3048 exiui.
959 2982 1030 3048 ²⁶et
1062 3008 1134 3050 cum
1165 2983 1290 3049 uenerit
1323 2981 1446 3048 inuenit
1478 3005 1547 3048 earn

320 3086 421 3171 scopis
444 3087 628 3151 mundatam
651 3092 684 3151 et
712 3094 864 3152 ornatam.
879 3084 949 3152 26θ1
980 3096 1057 3152 tunc
1089 3087 1178 3151 uadit
1210 3093 1243 3151 et
1275 3084 1414 3150 adsumit
1445 3084 1548 3149 adhuc

320 3197 440 3275 septem
465 3187 542 3252 alios
565 3189 694 3274 spiritus
716 3187 883 3272 nequiores
905 3193 938 3253 et
960 3188 1093 3274 regressi
1115 3188 1295 3253 inhabitant
1317 3194 1348 3253 et
1373 3190 1410 3251 fit
1442 3185 1549 3251 huius·

319 3290 406 3356 modi
427 3289 565 3354 hominis
587 3290 656 3354 uita
678 3291 777 3355 multo
800 3289 890 3376 peior
911 3290 1034 3376 prioris.

405 3392 577 3458 XXXVI.
625 3391 650 3430 ²⁷
693 3392 828 3457 Factum
851 3400 900 3457 est
921 3414 989 3457 cum
1014 3394 1092 3458 haec
1114 3393 1233 3464 diceret
1255 3400 1287 3458 et
1314 3393 1469 3459 extollens
1496 3415 1549 3457 uo·

323 3517 390 3560 cem
414 3493 549 3579 quedam
573 3493 688 3558 mulier
709 3493 748 3558 de
770 3495 862 3560 turba
886 3494 969 3560 dixit
989 3495 1047 3559 illi.
1069 3495 1180 3561 beatus
1202 3501 1315 3560 uenter
1341 3495 1451 3579 quite
1477 3516 1548 3580 por·

320 3595 403 3660 tcuit
426 3604 458 3661 et
479 3597 673 3682 uberaquae
695 3596 818 3663 suxisti.
864 3594 892 3633 ²⁸
935 3597 991 3661 Ad
1017 3597 1073 3663 ille
1101 3595 1183 3662 dixit
1216 3597 1255 3662 ad
1278 3621 1340 3664 eos.
1374 3595 1458 3662 beati
1492 3594 1548 3681 qui

321 3699 456 3764 audiunt
482 3699 612 3762 uerbum
647 3699 678 3763 di
712 3704 744 3764 et
776 3698 966 3765 custodiunt.
979 3697 1006 3737 ²⁹
1016 3699 1117 3765 turbis
1150 3706 1257 3765 autem
1291 3698 1549 3764 concurrentibus

322 3800 425 3886 eoepit
447 3800 550 3866 dicere
572 3799 734 3886 generatio
755 3802 834 3866 haec
855 3799 1017 3885 generatio
1039 3825 1176 3887 nequam
1203 3807 1250 3878 est
1282 3801 1409 3881 signum
1444 3800 1550 3886 querit

321 3910 354 3969 et
376 3903 500 3987 signum
524 3927 586 3967 non
609 3902 736 3968 dabitur
757 3901 806 3966 illi
828 3901 891 3967 nisi
914 3903 1038 3988 signum
1060 3903 1162 3969 ionae.
1208 3901 1235 3940 ³⁰
1279 3903 1363 3968 Nam
1385 3902 1468 3970 sieut
1487 3902 1550 3968 fuit

321 4007 410 4071 iones
432 4005 557 4089 signum
579 4004 732 4069 nineuitis
754 4004 800 4069 ita
821 4004 883 4069 erit
908 4012 941 4069 et
968 4004 1052 4070 fitius
1083 4003 1224 4071 hominis·
1253 4005 1458 4092 generatione
1490 4007 1551 4070 hac

322 4113 355 4172 et
376 4107 458 4172 sicut
480 4106 568 4172 ionas
590 4106 625 4171 in
646 4113 735 4171 utero
759 4107 841 4172 caeti
866 4106 929 4171 fuit
959 4107 1005 4173 sio
1038 4116 1070 4173 et
1101 4109 1186 4172 filius
1219 4108 1358 4173 hominis
1390 4107 1422 4172 in
1457 4108 1550 4174 corde

321 4214 433 4274 terrae.
479 4207 507 4245 ³¹
550 4209 677 4294 Regina
699 4208 797 4274 austri
819 4217 962 4294 resurget
984 4209 1018 4273 in
1040 4209 1157 4276 iudicio
1179 4235 1251 4276 cum
1274 4208 1352 4275 uiris
1378 4209 1550 4294 generatio

322 4311 372 4376 nis
394 4309 490 4376 huius
514 4319 545 4377 et
567 4311 791 4376 condemnauit
812 4311 883 4377 illos
906 4310 981 4396 quia
1003 4311 1093 4377 uenit
1115 4336 1133 4376 a
1160 4312 1276 4378 finibus
1304 4317 1407 4378 terrae
1440 4311 1551 4377 audire

322 4411 509 4498 sapientiam
532 4413 701 4479 salomonis
724 4419 756 4478 et
778 4437 849 4479 ecce
872 4415 1031 4479 salomone
1046 4414 1117 4499 plus
1142 4414 1204 4479 hic.
1250 4413 1277 4452 ³²
1319 4413 1392 4480 Uiri
1413 4413 1551 4480 niniuite

323 4521 489 4601 resurgent
511 4514 545 4579 in
567 4515 685 4581 iudicio
708 4538 780 4580 cum
802 4515 1006 4600 generatione
1030 4517 1089 4580 hae
1120 4524 1152 4581 et
1181 4517 1434 4582 condemnabunt
1462 4517 1551 4583 illam

324 4616 399 4701 quia
421 4617 628 4702 penitentiam
651 4623 784 4701 egerunt
806 4618 845 4682 ad
867 4617 1080 4703 predicatione
1102 4618 1194 4684 ionae
1216 4624 1249 4683 et
1274 4641 1347 4683 ecoe
1373 4619 1446 4704 plus
1477 4619 1553 4685 iona
