3467 5192
701 209 840 260 matteum
865 205 901 272 (c.
923 205 974 272 15).
1427 209 1446 273 7

220 381 434 464 rna(n)datum
457 379 489 443 di
508 385 634 463 propter
654 376 855 442 traditionem
878 384 1024 442 uestram.
1049 400 1122 440 nam
1144 375 1226 441 dixit
1248 375 1285 440 dt
1305 375 1449 444 ‘honora
1478 414 1481 419 ⁴

224 489 345 572 patrem
368 490 457 549 tuum
481 488 514 546 et
535 486 668 546 matrem
681 487 778 544 tuam
801 492 833 544 et
855 479 911 565 qui
933 478 1133 544 maledixerit
1160 478 1244 565 patri
1273 480 1327 543 uel
1355 478 1449 545 matri

225 591 325 652 morte
347 583 507 650 moriatur.
532 579 544 619 ⁵
566 582 632 648 Uos
654 590 759 647 autem
783 581 887 647 dicitis
916 581 1108 666 quicumque
1141 580 1258 647 dixerit
1285 581 1369 667 patri
1399 582 1450 646 uel

226 687 328 754 matri.
352 709 466 751 munus
489 686 707 771 quodcumque
731 691 778 750 est
805 709 845 750 ex
872 708 923 750 me
949 683 1008 749 tibi
1037 681 1273 770 proderit⁶non
1302 683 1448 750 honorifi-

222 789 309 858 cabit
329 794 450 876 patrem
474 812 565 854 suum
588 793 643 853 aut
665 796 807 851 matrem.
831 793 863 851 et
892 785 1023 852 inritum
1043 785 1162 852 fecistis
1195 786 1229 850 in
1258 787 1390 852 uerbum
1417 786 1452 850 di

225 898 355 979 propter
375 891 575 957 traditionem
599 898 747 955 uestram.
760 888 963 976 'hypocritae
976 892 1054 955 bene
1076 889 1277 976 prophetauit
1298 889 1338 954 de
1361 888 1451 955 uobis

227 992 327 1059 esaias
360 991 591 1080 dicens⁸plebs
620 995 698 1058 haee
727 1015 778 1056 me
811 991 901 1057 labiis
934 993 1066 1058 honorat
1099 1014 1151 1058 eor
1184 1000 1290 1057 autem
1323 992 1451 1059 illorum

222 1097 320 1181 longe
343 1103 391 1162 est
413 1121 430 1160 a
454 1093 609 1162 me⁹sine
631 1118 725 1161 causa
747 1099 853 1160 autem
876 1095 983 1159 colunt
1006 1118 1056 1159 me
1078 1095 1224 1160 docentes
1246 1095 1404 1161 doctrinas
1419 1100 1451 1162 et

228 1199 376 1264 mandata
397 1197 571 1263 hominum.
598 1195 625 1234 ¹⁰
646 1198 690 1263 lllt
712 1197 893 1262 conuocatis
915 1197 953 1262 ad
979 1220 1012 1262 se
1035 1195 1135 1262 turbis
1157 1197 1238 1262 dixit
1269 1197 1314 1264 eis
1344 1197 1452 1263 audite

228 1307 261 1366 et
282 1298 457 1387 intellegite
470 1299 571 1366 11nou
594 1300 678 1386 quod
700 1299 831 1365 intrauit
853 1299 887 1364 in
909 1323 943 1365 os
959 1299 1141 1385 coinquinat
1155 1299 1284 1364 homine
1299 1299 1355 1366 sed
1369 1301 1453 1385 quod

227 1402 374 1489 procedet
395 1403 434 1468 de
457 1426 510 1468 ore
532 1404 592 1471 hoo
614 1401 798 1488 coinquinat
823 1402 994 1467 homiuem.
1020 1400 1046 1438 ¹²
1069 1402 1160 1467 Tune
1180 1402 1367 1468 adcedentes
1393 1403 1453 1468 dis·

225 1504 327 1590 cipuli
350 1504 418 1571 eius
441 1504 589 1570 dixerunt
612 1504 649 1570 ei.
675 1503 736 1570 seis
759 1505 842 1590 quod
864 1503 1021 1591 pharisaei
1044 1504 1151 1570 audito
1173 1506 1232 1570 hoe
1248 1507 1345 1570 uerbo
1364 1528 1451 1571 sean-

231 1606 358 1672 dalizati
380 1616 462 1673 suut.
487 1607 512 1646 ¹³
536 1607 590 1672 Ad
612 1606 663 1672 ihs
689 1608 880 1694 respondens
909 1607 955 1672 ait
983 1607 1084 1672 omnis
1113 1607 1266 1694 plantatio
1296 1619 1360 1693 qua
1390 1630 1454 1673 non

229 1709 387 1796 plautauit
408 1718 497 1798 pater
523 1733 612 1775 meus
640 1710 783 1776 caelestis
816 1708 1033 1776 eradicabitur.
1072 1709 1098 1746 ¹4
1130 1709 1234 1776 Sinite
1265 1709 1336 1776 illos
1369 1712 1455 1776 caeci

227 1818 306 1877 suut
327 1821 359 1878 et
386 1813 481 1880 duces
512 1836 674 1878 caecorum
704 1836 815 1878 caecus
844 1818 949 1877 autem
980 1812 1005 1876 si
1036 1835 1128 1878 caeco
1157 1812 1305 1878 ducatum
1335 1813 1457 1879 dederit

230 1915 323 1980 ambo
346 1914 379 1980 in
402 1915 496 1981 fouea
520 1916 640 1980 cadent.
665 1915 691 1954 ¹⁵
714 1915 921 2001 Respondeas
944 1924 1049 1980 autem
1072 1923 1180 2001 petrus
1203 1915 1285 1980 dixit
1313 1915 1342 1980 ei
1363 1939 1456 1982 narra

229 2014 322 2082 nobis
344 2019 524 2105 parabolam
546 2017 647 2084 istam.
674 2017 701 2056 ¹⁶
722 2018 777 2082 Ad
798 2017 853 2083 ille
880 2017 962 2084 dixit
990 2018 1093 2083 adhuc
1120 2025 1153 2082 et
1182 2040 1238 2082 uos
1267 2017 1336 2084 sine
1368 2018 1457 2084 iutel-

233 2119 318 2184 lectu
341 2121 415 2187 estis
428 2119 455 2159 ¹⁷
467 2145 528 2186 non
552 2119 730 2205 intelligitis
752 2122 826 2205 quia
848 2143 941 2185 omne
956 2121 1039 2207 quod
1054 2119 1152 2186 intrat
1166 2119 1198 2184 in
1213 2144 1247 2186 os
1261 2120 1296 2185 in
1311 2127 1456 2187 uentrem

232 2221 322 2288 uadit
344 2232 376 2289 et
398 2224 431 2288 in
454 2247 610 2289 secessum
633 2223 789 2289 emittitur
802 2221 828 2260 ¹⁸
840 2245 921 2308 quae
944 2229 1050 2288 autem
1072 2223 1245 2309 procedunt
1275 2223 1313 2288 de
1343 2246 1396 2288 ore
1418 2223 1457 2289 de

229 2326 325 2390 corde
347 2333 466 2392 exeunt
488 2331 520 2392 et
542 2350 609 2392 eam
621 2329 655 2406 (t)
678 2325 1055 2411 coinquinanthominem
1069 2323 1146 2402 ¹⁹„de
1159 2326 1250 2390 corde
1268 2326 1320 2390 eui
1341 2331 1460 2391 exeunt

230 2427 438 2514 cogitationes
461 2430 561 2494 malae
582 2427 753 2494 homicidia
776 2429 931 2494 adulteria
951 2427 1174 2494 fornicationes
1196 2428 1281 2492 furta
1309 2426 1388 2493 falsa
1412 2433 1457 2492 te·

234 2529 382 2596 stimonia
404 2531 617 2618 blasphemiae
630 2528 741 2596 ²⁰haeo
764 2539 838 2597 sunt
860 2554 941 2616 quae
971 2529 1178 2614 coinquinant
1200 2528 1361 2594 hominem
1385 2531 1458 2612 [non

232 2632 308 2698 lotis
329 2641 435 2699 autem
458 2634 602 2699 manibus
624 2634 812 2699 manducare
834 2658 897 2700 non
921 2633 1104 2718 coinquinat
1125 2633 1264 2715 homine]
1280 2631 1306 2669 ’¹
1318 2639 1351 2697 et
1362 2656 1460 2719 egres·

235 2758 287 2800 sus
309 2735 383 2800 inde
405 2735 455 2801 ihs
478 2737 606 2802 secessit
628 2736 661 2800 in
684 2741 788 2822 partes
810 2736 874 2822 tyri
897 2745 929 2801 et
950 2735 1078 2801 sidonis.

319 2839 446 2906 XLVI.
472 2837 499 2876 ²²
521 2841 564 2905 Et
586 2861 657 2904 ecce
681 2839 795 2904 mulier
816 2840 977 2903 chananea
1000 2861 1124 2923 egressa
1145 2862 1164 2904 a
1185 2838 1302 2904 finibus
1318 2837 1381 2903 illis
1397 2839 1458 2903 cla·

236 2941 337 3007 mauit
357 2940 464 3006 dicens
486 2941 516 3006 ei
539 2941 687 3006 miserere
709 2941 773 3006 mei
795 2942 857 3006 dire
878 2941 924 3005 fili
948 2940 1052 3006 dauid.
1075 2941 1141 3005 filia
1164 2963 1234 3006 mea
1256 2942 1338 3006 male
1364 2964 1383 3005 a
1410 2941 1459 3005 de·

234 3041 343 3109 monio
365 3051 501 3110 uexatur
513 3041 539 3080 ²³
551 3045 590 3110 ad
613 3045 663 3109 ihs
687 3067 748 3108 non
771 3043 932 3130 respondit
954 3041 984 3108 ei
1013 3043 1154 3108 uerbum.
1200 3043 1244 3108 Elt
1275 3043 1462 3108 adcedentes

233 3143 383 3231 discipuli
406 3144 475 3219 eius
496 3148 648 3231 rogabant
670 3169 741 3210 eum
764 3145 906 3211 dicentes
929 3145 1053 3210 dimitte
1077 3149 1115 3210 ea
1147 3140 1221 3230 quia
1251 3145 1365 3210 clamat
1393 3149 1464 3229 post

239 3269 304 3314 nos.
329 3246 357 3284 ²⁴
377 3249 452 3334 Ipse
475 3254 579 3314 autem
603 3248 795 3334 respondens
818 3247 863 3313 ait
889 3271 952 3312 non
982 3271 1051 3312 sum
1079 3247 1192 3312 missus
1224 3246 1286 3312 nisi
1318 3245 1357 3311 ad
1388 3268 1463 3312 oues

237 3373 319 3434 quae
341 3350 503 3436 perierunt
525 3351 635 3417 domus
664 3351 803 3416 istrahel.
835 3349 862 3388 ²⁵
890 3351 942 3415 Ad
965 3350 1020 3414 illa
1042 3349 1130 3415 uenit
1159 3356 1190 3414 et
1219 3349 1362 3414 adorauit
1390 3371 1464 3413 eum

240 3451 346 3518 dicens
368 3453 485 3518 adiuua
507 3479 557 3519 me
580 3454 650 3518 dr‘re.
675 3452 702 3491 ²⁶
722 3452 800 3539 Ipse
822 3460 928 3518 autem
951 3453 1143 3539 respondens
1165 3453 1211 3518 ait
1232 3476 1294 3518 nou
1322 3451 1397 3516 licet
1419 3474 1465 3516 ac·

236 3553 344 3641 cipere
366 3579 480 3642 panem
501 3556 635 3622 filiorum
660 3562 692 3622 et
712 3557 839 3621 mittere
862 3556 1000 3621 canibus.
1037 3553 1064 3593 ²⁷
1097 3554 1151 3619 Ad
1173 3555 1228 3619 illa
1250 3553 1332 3619 dixit
1355 3552 1466 3638 utique

238 3657 301 3724 dile
323 3683 396 3724 nam
418 3666 451 3724 et
473 3683 564 3725 canes
587 3659 685 3725 edunt
713 3659 752 3723 de
783 3659 873 3722 micis
906 3680 987 3740 quae
1018 3658 1135 3723 cadunt
1165 3657 1203 3722 de
1233 3679 1341 3721 mensa
1371 3654 1468 3721 domi·

240 3760 320 3827 nord
344 3784 480 3828 suorum.
512 3759 539 3800 ⁹⁸
566 3760 658 3826 Tunc
684 3760 897 3847 respondelus]
931 3759 982 3823 ihs
1002 3760 1047 3824 ait
1074 3783 1092 3824 o
1122 3758 1245 3823 mulier.
1276 3781 1389 3843 magna
1418 3762 1468 3822 est

240 3863 316 3929 fides
338 3870 393 3929 tua
414 3865 469 3930 fiat
489 3863 548 3930 tibi
570 3863 651 3930 sicut
673 3863 731 3928 uis.
777 3864 821 3929 Et
843 3868 954 3927 sanata
976 3869 1024 3927 est
1045 3861 1111 3926 filia
1134 3861 1202 3927 eius
1224 3883 1265 3924 ex
1298 3861 1354 3924 illa
1383 3865 1467 3924 hora.

241 3963 270 4003 ²⁹
291 3966 336 4031 Et
358 3989 429 4031 cum
451 3965 615 4032 transisset
636 3966 709 4031 inde
732 3964 821 4032 uenit
843 3965 961 4030 iterum
983 3987 1072 4029 secus
1101 3987 1188 4028 mare
1216 3962 1377 4049 galilaeae.
1425 3962 1468 4026 Et

239 4068 414 4134 ascendens
436 4070 470 4134 in
493 4074 600 4135 moute
628 4068 756 4135 sedebat
783 4067 828 4133 ibi
850 4065 878 4104 ³⁰
894 4073 927 4132 et
959 4066 1160 4132 adcesserunt
1190 4064 1229 4130 ad
1259 4088 1332 4130 eum
1359 4065 1469 4129 turbae

245 4171 383 4254 [multae]
407 4173 558 4238 habentes
581 4195 688 4237 secum
712 4170 817 4236 clodos
840 4192 948 4236 caecos
972 4167 1091 4235 debiles
1116 4172 1218 4233 mutos
1240 4174 1272 4231 et
1294 4166 1372 4232 alios
1393 4165 1470 4230 mul-

178 4292 184 4303 ·
240 4280 291 4338 tos
314 4280 346 4340 et
368 4273 566 4359 proiecerunt
588 4297 641 4339 eos
663 4275 702 4338 ad
724 4273 819 4360 pedes
842 4271 910 4337 eius
933 4278 965 4337 et
987 4270 1111 4358 curauit
1133 4293 1184 4336 eos
1207 4291 1315 4334 omues
1328 4265 1353 4303 ³¹
1368 4265 1413 4331 ita
1435 4271 1471 4330 ut

244 4379 355 4443 turbae
377 4379 566 4445 mirarentur
587 4376 733 4444 uidentes
756 4383 859 4440 mutos
881 4375 1046 4460 loquentes
1068 4372 1173 4439 clodos
1187 4369 1385 4436 ambulantes
1402 4390 1469 4433 eae·

243 4501 297 4546 cos
318 4480 464 4548 uidentes
486 4488 519 4547 et
540 4480 783 4567 magnificabant
804 4479 856 4543 dh'r
880 4477 1019 4543 istrahel.

330 4583 477 4652 XLVII.
502 4581 529 4620 ³²
550 4584 608 4648 Ihs
631 4590 737 4649 autem
760 4579 941 4647 conuocatis
963 4576 1127 4665 discipulis
1144 4574 1210 4641 suis
1225 4573 1307 4639 dixit
1321 4572 1473 4638 misereor
