3467 5192
321 276 360 338 16
757 272 795 336 (c.
816 275 845 336 8)
864 271 1044 336 euangelium
1063 286 1118 322 ecc.

319 441 473 526 contingit
495 441 570 506 dum
592 439 653 506 iret
676 465 694 506 a
716 440 818 508 turbis
841 441 887 507 sic
908 441 1163 527 conprimebatur
1183 446 1220 505 ut
1242 439 1434 505 suffocarent
1463 463 1550 505 eume

319 542 346 580 ⁴³
390 545 435 608 Et
457 544 572 608 mulier
593 543 727 629 quedam
752 549 819 608 erat
844 543 878 608 in
907 543 1065 630 profluuio
1087 542 1250 626 sanguinis
1281 543 1321 606 ab
1352 541 1443 606 aunis
1473 542 1550 607 duo

318 646 419 710 decim
442 669 523 730 quae
545 644 579 709 in
601 644 739 710 medicos
765 651 951 731 erogauerat
972 651 1066 711 omno
1090 643 1298 710 substantiam
1321 667 1410 708 suam
1432 645 1551 709 neceb

318 749 383 812 ullo
405 747 509 832 potuit
531 746 643 812 curari.
688 745 717 784 ⁴⁴
761 748 908 813 Accessit
929 755 1013 812 retro
1036 753 1068 812 et
1089 746 1196 830 tetigit
1221 745 1448 812 uestimentum
1477 745 1551 809 eius

318 855 350 914 et
372 848 515 915 cofestim
538 849 627 915 stetit
647 851 753 914 fluxus
775 849 939 934 sanguinis
962 848 1070 935 ipsius.
1115 846 1143 887 ⁴⁵
1186 849 1230 912 Et
1252 848 1298 912 ait
1319 849 1372 912 ihs
1399 847 1471 932 quis
1499 854 1552 912 est

318 950 372 1036 qui
395 975 446 1014 me
468 950 574 1035 tetigit
596 951 784 1036 negantibus
807 959 915 1017 autern
937 951 1085 1017 omnibus
1108 950 1191 1015 dixit
1211 957 1320 1036 petrus
1342 949 1452 1035 etqui
1474 971 1545 1014 cum

317 1053 372 1116 illo
396 1057 485 1118 erant
506 1060 673 1139 preceptor
694 1055 804 1119 turbae
833 1059 865 1119 to
899 1058 1108 1139 conpremuut
1141 1053 1205 1117 iam
1239 1075 1372 1136 magnae
1405 1059 1436 1117 et
1468 1050 1551 1117 dicit

317 1155 450 1241 quisine
472 1153 579 1239 tetigit
588 1153 617 1192 ⁴⁶
627 1160 659 1220 et
680 1155 763 1220 dixit
785 1155 845 1221 ihs.
870 1155 976 1240 tetigit
991 1180 1042 1220 me
1057 1155 1173 1239 aliquis
1189 1178 1263 1218 nam
1282 1162 1314 1219 et
1334 1177 1391 1239 ego
1413 1153 1546 1238 cognoui

317 1255 470 1322 uirtutem
493 1257 608 1321 exiisse
631 1257 669 1322 de
692 1280 752 1320 me.
796 1255 824 1296 4⁷
868 1257 990 1323 Uidens
1013 1264 1118 1323 autem
1142 1257 1257 1321 mulier
1279 1257 1355 1341 quia
1369 1279 1433 1320 non
1453 1256 1552 1321 latuit

316 1358 409 1424 illum
431 1359 521 1425 uenit
543 1366 681 1424 tremens
704 1366 736 1424 et
757 1359 893 1445 procidit
914 1359 1105 1445 antepedes
1128 1360 1197 1424 eius
1220 1367 1251 1425 et
1280 1361 1319 1423 ob
1350 1381 1446 1443 quam
1477 1381 1551 1423 cau

316 1484 383 1526 sam
406 1460 547 1545 tetigerit
569 1484 641 1526 eum
663 1460 818 1527 indicauit
841 1484 946 1527 coram
968 1460 1054 1525 omui
1076 1462 1193 1548 populo
1222 1467 1254 1526 et
1282 1453 1549 1545 quemadmodum.

301 1553 481 1628 'confestim
505 1569 614 1627 sanata
636 1567 692 1628 est.
737 1560 766 1600 ⁴⁸
808 1565 864 1628 Ad
885 1564 941 1628 1110
963 1563 1047 1628 dixit
1067 1563 1099 1627 ei
1120 1559 1187 1627 filia
1206 1564 1286 1628 fides
1308 1571 1363 1629 tua
1377 1574 1409 1628 te
1425 1564 1546 1628 saluam

316 1664 393 1730 fecit
414 1665 495 1730 uade
517 1665 550 1728 in
573 1688 693 1751 paoem.
738 1663 767 1702 ⁴⁹
810 1666 931 1730 Adhuc
958 1665 1013 1730 1110
1042 1665 1190 1751 loquente
1223 1665 1313 1730 uenit
1345 1665 1472 1750 quidem
1507 1666 1546 1729 ad

316 1766 466 1853 pricipem
491 1789 667 1852 synagogae
689 1767 797 1832 dicens
820 1766 851 1832 ei
873 1767 950 1853 quia
973 1774 1097 1832 mortua
1119 1774 1166 1833 est
1187 1765 1251 1831 filia
1273 1779 1328 1832 tua
1349 1768 1416 1831 noli
1431 1791 1550 1832 nexare

315 1867 417 1935 illum.
432 1867 459 1908 ⁵⁰
468 1869 521 1932 ihs
543 1874 649 1934 autem
672 1869 781 1934 audito
804 1871 862 1934 hoc
885 1870 982 1934 uerbo
1005 1870 1050 1933 ait
1075 1869 1158 1955 patri
1186 1870 1311 1954 puellae
1340 1869 1406 1933 noli
1433 1869 1545 1934 timere
1603 1858 1604 1861 ¹

317 1972 409 2037 orade
431 1978 555 2035 tentum
578 1977 610 2035 et
632 1972 720 2036 salua
736 1971 805 2036 erit.
841 1971 867 2010 ⁵¹
902 1973 1033 2037 Etcum
1049 1971 1192 2036 uenisset
1206 1971 1241 2035 in
1256 1972 1383 2036 domum
1399 1995 1463 2036 non
1479 1995 1549 2057 per

318 2072 405 2138 misit
426 2096 533 2138 secum
555 2073 673 2138 intrare
696 2095 888 2160 quemquam
911 2072 975 2137 nisi
997 2081 1123 2158 petrum
1150 2080 1183 2137 et
1209 2073 1379 2138 iohannem
1407 2082 1440 2138 et
1465 2073 1544 2138 iaco

317 2176 393 2239 bum
416 2183 449 2240 et
469 2180 592 2259 patrem
615 2182 646 2240 et
668 2181 800 2240 matrem
825 2177 959 2262 puellae.
973 2173 1001 2214 ⁶²
1011 2177 1128 2240 fiebant
1150 2184 1256 2240 autem
1278 2199 1387 2240 omues
1409 2184 1442 2242 et
1455 2176 1543 2262 plan·

315 2278 431 2362 gebant
453 2276 550 2342 illam.
597 2278 652 2342 Ad
673 2277 728 2342 ille
750 2277 832 2342 dixit
854 2277 954 2343 nolite
976 2280 1051 2342 flere
1072 2300 1136 2343 non
1160 2285 1208 2342 est
1230 2276 1315 2342 enim
1345 2287 1470 2342 mortua
1490 2279 1549 2344 scd

315 2379 440 2444 dormit.
454 2377 481 2418 ⁵³
494 2389 525 2445 ct
547 2377 732 2445 deridebant
754 2405 826 2446 eum
843 2379 978 2445 scientes
1000 2403 1070 2444 eam
1092 2387 1247 2444 mortuam
1272 2403 1348 2444 esse.
1362 2377 1467 2464 “ipse
1489 2402 1547 2443 au«

314 2486 380 2546 tem
401 2487 513 2546 tenens
539 2505 668 2546 manum
691 2483 761 2546 eius
784 2481 933 2547 clamauit
955 2481 1062 2546 dicens
1085 2481 1191 2567 puella
1213 2505 1315 2566 surge.
1350 2479 1377 2520 ⁶⁵
1410 2482 1544 2546 111000-

316 2607 428 2648 uersus
451 2589 499 2648 est
521 2583 650 2669 spiritus
673 2585 742 2649 eius
765 2589 797 2648 et
818 2583 955 2648 surrexit
971 2583 1129 2648 continuo.
1154 2591 1187 2648 et
1202 2583 1293 2649 iussit
1308 2582 1356 2647 1111
1371 2583 1445 2648 dare
1460 2607 1550 2647 man--

314 2686 437 2750 ducere.
452 2683 521 2749 5‘et
542 2692 731 2771 stupuerunt
752 2692 899 2771 parentes
921 2685 989 2750 cius
1013 2685 1128 2769 quibus
1150 2685 1292 2772 precepit
1313 2709 1354 2750 ne
1380 2684 1475 2750 alicui
1497 2685 1543 2749 di·

315 2795 423 2851 carent
445 2787 527 2870 quod
550 2787 668 2852 facturn
691 2793 748 2853 est.

400 2888 536 2956 XXIV.
561 2892 596 2970 (c.
622 2887 653 2974 9)
698 2888 709 2925 ¹
754 2889 945 2956 Conuocatis
967 2896 1073 2956 autem
1097 2889 1262 2954 duodecim
1286 2888 1447 2975 discipulis
1477 2890 1548 2954 suis-

314 2990 400 3055 dedit
423 2989 487 3055 illis
510 2989 660 3056 uirtutem
685 2998 718 3056 et
738 2998 896 3078 potestatis
919 3016 1015 3079 super
1040 2991 1147 3057 omnia
1176 2991 1322 3057 demonia
1353 2999 1385 3057 ot
1415 2997 1453 3056 ut
1480 2993 1548 3056 lan-⁷

314 3115 426 3172 guores
449 3101 603 3159 curarent.
649 3092 661 3130 ²
705 3095 749 3160 Et
770 3095 857 3160 misit
879 3095 949 3160 illos
970 3094 1133 3181 predicare
1155 3117 1288 3174 regnum
1311 3095 1343 3158 di
1370 3104 1402 3160 et
1432 3117 1549 3160 sanare·

313 3196 462 3260 infirmos.
509 3193 521 3230 ³
564 3196 609 3261 Et
631 3196 675 3261 ait
698 3197 737 3261 ad
760 3197 830 3261 illos
852 3197 935 3261 nihil
956 3196 1093 3262 tuleritis
1116 3197 1149 3260 in
1173 3195 1259 3260 uiam
1287 3219 1391 3280 neque
1419 3197 1544 3281 uirgam

313 3320 417 3382 neque
439 3308 515 3382 pera
537 3321 640 3382 neque
663 3297 905 3363 calciamentum
921 3322 1025 3384 neque
1040 3304 1123 3384 pand
1140 3320 1244 3382 neque
1258 3298 1425 3385 pecuniam
1441 3322 1549 3384 neque

314 3399 391 3463 duas
413 3398 536 3464 tunicas
557 3398 709 3465 habeatis.
753 3399 768 3436 ⁴
810 3401 850 3464 In
875 3422 1107 3484 quamcumque
1130 3401 1259 3465 domum
1280 3398 1475 3466 intraueritis
1498 3399 1546 3465 ibi

315 3502 489 3580 manusb)
513 3506 545 3566 et
569 3500 644 3566 inde
672 3501 917 3587 proficiscimini.
953 3501 966 3540 ⁵
1003 3503 1046 3566 Et
1068 3501 1260 3588 quicumque
1283 3525 1346 3566 non
1367 3501 1550 3587 receperint

313 3626 370 3668 uos
392 3609 544 3668 exeuntes
567 3603 606 3669 de
627 3603 757 3670 ciuitate
772 3603 860 3669 illam
876 3606 914 3686 (1)
930 3605 1024 3670 etiam
1040 3605 1206 3691 puluerem
1221 3605 1260 3669 de
1275 3604 1405 3689 pedibus
1427 3605 1547 3671 uestris

313 3704 454 3771 excutite
476 3705 509 3770 in
532 3705 747 3770 testimonium
771 3729 865 3793 super
887 3707 963 3772 illos,
1004 3707 1017 3745 ⁶
1055 3706 1184 3792 Egressi
1205 3712 1311 3771 sutem
1339 3707 1547 3772 circumibant

314 3805 460 3872 ciuitates
484 3814 516 3872 et
538 3808 667 3873 castella
689 3808 943 3892 euangelizantes
965 3814 998 3874 et
1020 3817 1167 3874 curantes
1193 3809 1320 3894 ubique.
1358 3807 1369 3846 ⁷
1404 3808 1547 3874 Audiuit

314 3917 421 3973 autem
432 3910 565 3974 herodes
574 3912 733 3975 tetrarcha
745 3910 850 3975 omnia
862 3910 967 3997 quate)
984 3916 1075 3976 erant
1085 3910 1169 3975 facta
1184 3915 1217 3976 et
1232 3911 1492 3976 consternabatur
1506 3933 1545 3976 eo

313 4010 398 4095 quod
420 4010 585 4077 diceretur.
600 4010 642 4078 ⁸a
665 4011 853 4097 quibusdam
877 4013 951 4097 qnia
973 4012 1121 4078 iohannis
1143 4011 1281 4078 surrexit
1313 4036 1332 4075 a
1359 4011 1491 4078 mortuis
1525 4037 1544 4077 a

313 4110 499 4196 quibusdam
522 4118 628 4178 autem
661 4115 744 4198 quod
766 4115 865 4181 helias
888 4115 1035 4201 apparuit
1057 4116 1095 4179 ab
1123 4113 1194 4180 aliis
1228 4121 1335 4180 autem
1357 4114 1443 4198 quod
1474 4137 1547 4201 pro

311 4214 408 4300 pheta
430 4237 511 4279 unus
534 4215 573 4280 de
595 4216 735 4300 antiquis
758 4217 904 4282 surrexit.
952 4215 964 4253 ⁹
1007 4215 1068 4282 Ait
1089 4222 1195 4281 autem
1213 4217 1345 4282 herodes
1371 4217 1545 4282 iohannem

311 4339 369 4400 ego
391 4317 544 4382 decollani
565 4317 618 4384 hio
641 4318 697 4403 qui
719 4325 766 4384 est
796 4319 835 4384 de
868 4341 931 4403 quo
965 4341 1023 4403 ego
1057 4318 1151 4383 audio
1188 4318 1273 4384 talia.
1311 4319 1356 4384 Et
1392 4320 1548 4404 querebat

309 4417 399 4483 illum
421 4418 541 4484 uidere.

395 4519 511 4586 XXV.
557 4518 586 4558 ¹⁰
627 4521 672 4586 Et
699 4520 820 4586 reuersi
853 4521 986 4607 apostoli
1020 4530 1231 4589 narrauerunt
1263 4523 1312 4587 illi
1343 4547 1544 4609 quecumque

311 4622 463 4689 feceruut.
507 4623 551 4689 Et
573 4622 747 4709 adsumptis
768 4622 832 4689 illis
847 4623 900 4688 ihs
914 4623 1043 4691 secessit
1057 4649 1197 4691 seorsum
1212 4625 1247 4691 iu
1262 4627 1367 4691 locum
1382 4626 1542 4692 desertum
