3467 5192
674 273 807 324 lucanum
826 275 859 336 (c.
882 271 934 337 12).
1380 275 1424 339 33

193 443 318 529 ignorat
354 449 386 508 et
423 442 546 508 diuidet
578 467 650 508 eum
684 448 870 529 partemque
903 442 973 507 eius
1006 465 1075 507 oum
1111 443 1290 510 infidelibus
1321 446 1422 531 ponit.

194 545 222 584 55
265 545 326 610 Ille
350 555 456 611 autem
488 569 598 611 seruus
627 545 683 631 qui
714 545 861 629 cognouit
890 546 1087 610 uoluntatem
1120 546 1184 609 dmi
1219 546 1268 611 sui
1301 556 1334 613 et
1359 573 1422 614 non

193 648 376 734 preparauit
408 648 579 714 secundum
618 649 815 713 uoluntatem
861 646 931 712 eius
974 648 1139 733 uapulabit
1171 672 1287 734 paucas
1298 649 1326 688 ⁴⁸
1337 652 1423 716 omni

194 759 300 816 autern
325 750 375 816 oui
399 752 534 815 multum
558 751 665 816 datum
690 757 738 815 est
764 751 899 815 multum
922 758 1073 835 queretur
1096 751 1137 814 ab
1157 775 1194 816 eo
1216 756 1248 816 et
1269 753 1320 817 cui
1343 756 1423 818 mul·

194 863 262 918 tum
286 854 576 919 conmendauerunt
598 853 670 938 plus
692 859 801 939 petent
822 853 861 916 ab
885 875 930 918 eo.
987 910 989 914 .

280 953 391 1022 XLII.
436 953 464 992 55
508 955 646 1021 Nescitis
669 955 744 1040 quia
765 954 839 1039 igne
862 954 938 1020 ueni
961 955 1087 1020 mittere
1110 955 1144 1020 in
1167 964 1282 1022 terram
1299 968 1331 1022 et
1346 959 1424 1042 quid

195 1059 267 1124 uolo
290 1056 315 1121 si
339 1057 540 1124 adcendatur.
554 1056 582 1096 55
592 1057 748 1144 baptisma
771 1057 872 1122 habeo
894 1057 1049 1143 baptizari
1077 1065 1109 1123 et
1136 1060 1292 1143 quomodo
1315 1063 1425 1127 turbor

195 1160 371 1245 usquedum
394 1160 574 1245 perficiatur
585 1159 611 1196 ⁵¹
623 1159 742 1245 putatis
765 1160 849 1244 quod
884 1183 992 1246 paoem
1026 1159 1101 1223 ueni
1135 1160 1209 1225 dare
1239 1161 1271 1226 in
1306 1171 1422 1229 terram

195 1287 257 1328 non
282 1262 351 1328 dico
374 1263 464 1328 uobis
487 1263 542 1328 sed
564 1261 803 1348 separationem.
850 1260 877 1298 55
921 1263 1025 1328 Erunt
1046 1262 1131 1326 enim
1153 1287 1194 1327 ex
1209 1268 1267 1330 hoc
1281 1267 1424 1351 quinque

195 1363 229 1428 in
252 1364 345 1430 domo
368 1388 440 1429 una.
486 1366 530 1429 Et
551 1365 614 1430 duo
636 1364 669 1428 in
692 1373 756 1430 tres
771 1363 798 1403 55
811 1363 994 1430 diuidentur
1017 1373 1106 1450 pater
1128 1365 1161 1428 in
1176 1365 1276 1430 filiurn
1293 1375 1325 1432 et
1339 1368 1425 1434 filius

195 1467 228 1532 in
250 1475 370 1552 patrem
394 1491 486 1532 suum
510 1467 672 1532 diuidetur
697 1478 797 1532 mater
826 1467 859 1530 in
893 1466 992 1531 filiam
1014 1472 1046 1532 et
1067 1468 1165 1532 filiam
1176 1472 1211 1548 (l)
1233 1469 1266 1533 in
1289 1478 1422 1536 matrem

196 1593 301 1635 socrus
324 1568 358 1633 in
380 1593 493 1634 nurum
517 1593 605 1635 suam
630 1577 661 1636 et
683 1592 784 1636 nurus
806 1569 839 1634 in
863 1593 986 1635 socrum
1008 1592 1106 1635 suam.
1154 1568 1182 1608 ⁵⁴
1219 1571 1354 1638 Dicebat
1368 1597 1423 1639 au·

195 1681 259 1737 tem
284 1679 316 1737 et
337 1672 375 1736 ad
399 1673 506 1737 turbas
529 1696 599 1738 oum
623 1672 768 1738 uideritis
794 1671 910 1736 nubem
947 1673 985 1737 ab
1018 1673 1173 1738 orientem
1208 1675 1248 1738 ad
1280 1698 1423 1742 occasum

196 1773 300 1839 statim
325 1773 430 1840 dicitis
453 1774 580 1840 nimbus
603 1775 692 1840 uenit
714 1782 746 1840 et
767 1774 813 1839 ita
835 1776 879 1840 fit.
894 1773 921 1813 55
933 1799 1002 1840 cum
1026 1774 1172 1842 uideritis
1194 1783 1335 1842 austrum
1350 1779 1425 1844 flan-

196 1887 258 1942 tem
283 1875 388 1941 dicitis
410 1877 495 1962 quod
518 1884 602 1942 estus
626 1877 686 1942 erit
708 1884 740 1942 et
761 1877 806 1943 ita
828 1879 873 1941 fit.
918 1876 946 1915 55
990 1877 1186 1962 Hypocritae
1209 1878 1319 1944 faciem
1345 1883 1425 1947 caeli

197 1988 229 2046 et
250 1990 353 2045 torrae
375 1980 474 2044 nostis
497 1981 628 2065 probare
650 1982 710 2045 hoc
741 1986 866 2066 tempus
892 1987 999 2044 autern
1031 2003 1093 2044 non
1126 1982 1258 2066 potestis
1284 1985 1423 2068 probare.

197 2082 224 2122 55
268 2081 354 2166 Quid
377 2090 483 2146 autem
507 2092 540 2146 et
562 2105 581 2146 a
603 2082 694 2148 uobis
716 2081 795 2168 ipsis
817 2105 880 2147 non
903 2081 1050 2147 iudicatis
1073 2084 1155 2168 quod
1179 2083 1265 2149 iustu
1297 2098 1353 2151 cst.
1398 2086 1428 2126 55

196 2186 284 2249 Dum
308 2184 391 2250 enim
414 2185 504 2250 uadis
528 2209 598 2250 cum
623 2184 803 2250 aduersario
827 2195 882 2253 tno
914 2185 953 2248 ad
984 2186 1203 2269 magistratum
1232 2186 1265 2250 in
1300 2187 1353 2252 uia
1386 2189 1428 2254 da

196 2310 292 2373 opera
313 2287 437 2352 liberari
461 2288 500 2352 ab
522 2287 577 2350 illo
601 2310 640 2351 ne
662 2286 742 2352 forte
764 2288 955 2352 condemnet
978 2297 1008 2351 te
1031 2294 1108 2372 aput
1129 2287 1264 2352 iudicem
1282 2304 1314 2354 et
1330 2290 1426 2355 iudex
1474 2371 1477 2376 Ι

196 2388 300 2455 tradat
322 2397 353 2455 te
376 2389 514 2454 exactori
537 2397 568 2455 et
591 2396 718 2455 exactor
742 2388 848 2456 mittat
870 2398 902 2453 te
925 2389 956 2452 in
981 2413 1146 2454 carcerem.
1162 2388 1189 2428 55
1200 2391 1269 2456 dico
1289 2393 1346 2456 tibi
1361 2415 1425 2456 non

196 2492 284 2557 exies
307 2491 381 2556 inde
405 2491 503 2557 donec
528 2492 622 2557 ctiam
646 2491 822 2557 nouissima
846 2492 1053 2575 quadrantem
1077 2492 1197 2557 reddas.

281 2593 415 2659 XLIII.
440 2599 478 2669 (c.
505 2596 556 2675 13)
602 2594 612 2630 ¹
657 2594 824 2660 Uenerunt
850 2605 957 2658 autem
986 2595 1054 2680 ipso
1087 2594 1121 2657 in
1152 2603 1293 2680 tempore
1327 2596 1425 2679 quida

198 2698 384 2762 nunciantes
406 2697 453 2761 illi
478 2697 516 2760 de
539 2696 680 2780 galilaeis
701 2720 834 2782 quorum
858 2696 1045 2782 sanguinem
1068 2697 1185 2782 pilatus
1207 2697 1334 2764 miscuit
1353 2721 1425 2764 cum

197 2799 359 2867 sacrificiis
381 2823 499 2864 eorum.
547 2798 559 2835 5
602 2800 647 2864 Et
668 2799 859 2884 respondens
886 2798 938 2862 ihs
967 2798 1050 2864 dixit
1083 2798 1153 2864 illis.
1189 2801 1307 2886 putatis
1341 2805 1426 2887 quod

196 2903 230 2967 hi
252 2901 379 2987 galilaei
400 2925 455 2988 pre
478 2901 624 2967 omnibus
645 2901 788 2985 galilaeis
810 2900 941 2967 fuorunt
961 2909 1139 2987 peccatores
1162 2902 1237 2987 quia
1251 2903 1328 2968 talia
1341 2905 1425 2989 passi

197 3005 369 3070 sunt³aon
393 3004 462 3070 dico
484 3003 573 3069 uobis
595 3003 657 3068 uisi
680 3003 858 3089 penitentia
880 3002 1057 3068 habueritis
1079 3003 1225 3070 similiter
1239 3007 1424 3091 peribi(ti)s.

196 3107 304 3174 ⁴sicut
329 3107 375 3172 illi
397 3106 525 3173 XVIII
552 3129 647 3192 supra
670 3128 748 3190 quos
770 3105 886 3175 cecidit
909 3114 1011 3170 turres
1039 3105 1072 3169 in
1103 3105 1214 3171 siloam
1249 3119 1280 3172 et
1312 3109 1429 3174 occidit

198 3234 250 3276 eos
271 3211 391 3296 putatis
415 3210 499 3294 quod
522 3208 580 3275 soli
603 3208 664 3295 ipsi
687 3207 842 3274 debitores
863 3207 994 3275 fuerunt
1016 3217 1122 3296 preter
1144 3231 1253 3274 omnes
1282 3211 1427 3277 homines

197 3312 376 3379 habitantes
398 3313 432 3378 in
453 3307 714 3377 hierusa1e⁵n0n
737 3312 806 3376 dico
829 3312 920 3376 uobis
942 3311 968 3376 si
992 3317 1033 3376 nd
1056 3311 1257 3397 penitueritis
1283 3312 1429 3378 similiter

196 3415 350 3501 peribitis.
409 3413 422 3453 ⁶
477 3415 611 3480 Dicebat
648 3421 749 3479 autem
784 3415 865 3480 hanc
899 3413 1152 3480 similitudinem.
1187 3415 1328 3480 arborem
1350 3420 1429 3484 ficus

197 3518 309 3584 habuit
331 3518 459 3603 quidam
482 3518 656 3603 plantatam
680 3517 713 3580 in
736 3515 863 3582 uineam
889 3539 976 3581 suam
1002 3525 1034 3582 et
1065 3517 1156 3582 uenit
1184 3516 1321 3583 fructum
1351 3543 1427 3605 que·

198 3644 269 3686 rens
292 3621 325 3684 in
349 3621 434 3684 illam
459 3630 490 3685 et
513 3643 574 3684 non
599 3618 732 3684 inuenit.
781 3618 792 3657 5
836 3619 932 3682 Dixit
953 3628 1059 3683 autem
1084 3620 1124 3683 ad
1146 3625 1296 3684 cultorem
1313 3621 1429 3686 uineae

199 3744 270 3788 ecce
292 3723 367 3786 anni
390 3731 453 3787 tres
476 3729 550 3787 sunt
573 3746 614 3785 ex
636 3742 697 3805 quo
720 3720 815 3785 uenio
838 3743 994 3805 quaerens
1017 3719 1156 3786 fructum
1172 3721 1204 3785 in
1220 3723 1355 3787 ficulnea
1370 3724 1429 3789 hac

199 3831 230 3890 et
252 3849 314 3890 non
338 3824 467 3890 inuenio
492 3824 617 3889 succide
640 3846 713 3908 ergo
736 3822 821 3887 illam
846 3823 981 3907 utquid
1007 3824 1101 3888 etiam
1136 3832 1253 3888 terram
1285 3836 1428 3891 euacuat.

200 3925 212 3963 ⁸
255 3928 309 3991 Ad
332 3928 383 3992 ille
407 3927 599 4012 respondens
625 3937 658 3991 et
690 3925 772 3991 dixit
805 3927 878 3990 dille
909 3926 1038 3990 remitte
1069 3925 1157 3989 illam
1189 3937 1221 3990 et
1254 3928 1314 3991 hoc
1338 3951 1441 3992 anno·

199 4030 398 4116 usquedum
431 4028 548 4092 fodiam
584 4029 666 4094 circa
691 4026 778 4091 illam
813 4033 845 4092 et
877 4028 1001 4092 mittam
1035 4027 1227 4113 chophinum
1260 4030 1431 4095 stercoris⁹

199 4139 231 4198 et
252 4132 409 4216 siquidem
433 4130 544 4196 fecerit
567 4130 704 4195 fructum
728 4129 777 4194 sin
800 4137 906 4195 autem
930 4130 962 4193 in
995 4129 1136 4195 futurum
1171 4130 1315 4195 sudoides
1349 4156 1428 4198 eam.

284 4233 413 4300 XLIV.
460 4232 487 4270 ¹⁰
528 4234 608 4297 Erat
631 4240 737 4297 autem
761 4232 875 4298 docens
898 4233 930 4296 in
958 4256 1023 4297 una
1049 4255 1208 4316 synagoga
1241 4233 1386 4299 sabbatis.
1404 4234 1429 4270 '¹

200 4346 231 4401 et
253 4360 326 4402 ecce
348 4335 464 4400 mulier
485 4359 566 4420 quac
589 4333 723 4399 habebat
746 4345 815 4419 spr‘rl
838 4333 1033 4400 infirmitatis
1055 4333 1147 4398 annis
1174 4333 1283 4399 decem
1305 4344 1338 4400 et
1359 4343 1431 4401 octo

200 4448 231 4504 et
253 4449 319 4504 erat
342 4437 497 4503 inclinata
520 4461 578 4502 nec
601 4437 728 4501 omnino
751 4445 875 4521 poterat
898 4461 1023 4502 sursum
1049 4435 1216 4521 respicere.
1263 4434 1288 4473 55
1325 4437 1429 4521 Quam

199 4564 269 4606 cnm
294 4540 418 4605 uideret
440 4539 491 4603 ihs
515 4539 643 4604 uocauit
665 4562 734 4602 eam
758 4539 796 4603 ad
820 4562 853 4602 se
877 4547 909 4604 et
935 4539 979 4604 ait
1006 4538 1055 4604 illi
1086 4538 1199 4603 mulier
1234 4538 1363 4604 dimissa
1396 4564 1431 4604 es

199 4645 237 4708 ab
260 4641 444 4707 infirmitate
467 4651 531 4707 tua.
548 4639 617 4706 ¹³et
639 4640 790 4726 imposuit
820 4641 866 4703 illi
899 4666 1025 4706 manum
1062 4653 1093 4705 et-
1126 4640 1290 4706 confestim
1327 4651 1431 4706 erecta

1244 4742 1275 4794 6·
