3467 5192
317 268 360 332 60
749 265 785 330 (c.
806 264 852 330 al)
872 264 1053 331 euangelium
1071 280 1128 318 sec.

319 436 370 500 ihs
393 435 501 501 uenite
524 435 676 522 prendite.
712 435 816 499 Nemo
832 447 937 499 tamen
955 435 1090 500 audebat
1104 435 1397 515 disc(umb)entium
1414 433 1548 504 interro·

318 562 393 624 gare
408 562 481 602 eum
504 546 539 602 tu
555 538 626 623 quis
642 561 675 602 es
691 537 827 604 scientes
843 537 919 622 quia
933 545 981 602 est
996 538 1064 602 dr'rs.
1102 535 1129 574 ¹³
1152 538 1252 604 Uenit
1267 562 1340 624 ergo
1354 539 1407 602 ihs
1425 546 1458 605 et
1471 540 1551 604 acci-

318 641 366 727 pit
387 663 500 726 panem
525 647 557 705 et
579 643 632 704 dat
655 639 701 704 eis
724 644 756 705 et
778 639 897 726 piscem
920 639 1074 705 similiter.
1089 639 1186 706 l‘hoc
1208 641 1272 705 iarn
1294 640 1388 706 tertio
1414 641 1546 706 manife-

318 749 420 809 status
443 749 490 809 est
511 742 564 807 ihs
590 741 754 828 discipulis
781 742 847 807 suis
879 765 951 808 cum
977 741 1201 807 resurrexisset
1233 767 1252 807 a
1284 743 1425 808 mortuis.
1438 742 1546 809 ¹⁶cum

318 867 391 929 ergo
414 845 591 930 prandisset
613 843 690 909 dicit
710 845 762 910 ihs
792 842 908 910 simoni
930 851 1027 930 petro
1064 844 1166 909 simon
1199 844 1323 910 ioannis
1356 845 1464 931 diligis
1497 870 1550 912 me

320 945 400 1032 [plus
422 947 493 1030 hisi.
539 945 629 1012 Dicit
651 946 681 1010 ei
704 946 799 1012 etiam
824 947 887 1011 dire
909 954 942 1011 tu
965 946 1026 1011 scis
1049 946 1124 1032 quia
1146 970 1217 1011 amo
1239 954 1280 1012 te.
1305 947 1383 1012 dicit
1405 947 1434 1012 ei
1455 971 1549 1034 pasce

318 1072 414 1133 agnos
437 1073 530 1115 meos.
578 1048 605 1088 ¹⁶
650 1049 708 1114 Ait
731 1048 776 1114 illi
798 1049 914 1115 iterum
938 1049 1040 1115 simon
1062 1049 1209 1114 iohannis
1232 1048 1338 1134 diligis
1353 1074 1412 1115 me.
1459 1049 1548 1115 Dicit

318 1150 365 1216 illi
389 1151 482 1219 etiam
508 1153 570 1216 dr're
593 1160 628 1217 tu
651 1152 711 1217 scis
734 1152 809 1237 quia
832 1152 929 1236 diligo
952 1163 992 1217 te.
1022 1152 1068 1216 ait
1096 1151 1144 1216 illi
1177 1174 1271 1238 pasce
1304 1174 1380 1216 oues
1412 1175 1506 1217 meas.
1521 1151 1550 1190 ¹⁷

318 1253 395 1320 dicit
417 1256 446 1320 ci
468 1255 562 1320 tertio
592 1254 694 1319 simon
723 1253 871 1319 iohannis
905 1278 991 1318 amas
1013 1278 1074 1318 me.
1120 1254 1334 1320 contristatus
1356 1262 1404 1320 est
1440 1262 1551 1340 petrus

320 1355 395 1441 quia
419 1356 501 1422 dixit
524 1357 552 1422 ei
575 1356 679 1422 tertio.
703 1380 789 1422 amas
813 1381 863 1420 me
887 1363 919 1422 et
940 1357 985 1422 ait
1013 1357 1077 1421 dire
1109 1357 1216 1422 omnia
1239 1363 1273 1421 tu
1305 1357 1365 1423 scis
1396 1365 1431 1421 tu
1465 1354 1549 1423 nosti

318 1460 393 1544 quia
415 1482 484 1524 amo
507 1466 547 1524 te.
572 1459 654 1523 dixit
676 1459 819 1545 ei'pasce
842 1483 917 1524 oues
941 1483 1035 1524 meas.
1081 1457 1108 1496 ¹⁸
1153 1461 1261 1524 Amen
1285 1482 1376 1525 amen
1399 1460 1470 1524 dioc
1489 1459 1549 1525 tibi

317 1586 388 1627 cum
411 1584 492 1627 esses
515 1561 662 1627 iuuenior
684 1562 897 1648 praecingebas
919 1568 951 1627 te
973 1569 1005 1626 et
1028 1562 1209 1627 ambulabas
1231 1585 1294 1646 quo
1324 1563 1450 1628 uolebas
1474 1585 1545 1628 cum

317 1672 422 1729 autern
446 1664 587 1729 senueris
610 1666 761 1730 extendes
784 1687 896 1730 manus
918 1673 989 1729 tuas
1012 1674 1043 1731 et
1065 1665 1146 1729 alius
1168 1674 1199 1729 tc
1231 1664 1425 1750 praecinguet
1454 1665 1550 1729 ducet

319 1773 438 1852 quotu
460 1791 522 1831 non
547 1767 606 1832 uis.
623 1766 718 1832 ¹⁹hoc
741 1775 847 1832 autem
871 1768 951 1831 dixit
974 1766 1154 1851 significans
1176 1789 1240 1853 qua
1270 1775 1368 1831 morte
1398 1766 1547 1832 clarifica-

318 1878 408 1934 turus
431 1882 513 1936 essct
535 1871 597 1934 dm.
622 1871 733 1934 ethos
758 1892 828 1934 cum
852 1869 984 1934 dixisset
1006 1869 1083 1934 dicit
1105 1869 1135 1933 ei
1158 1892 1290 1954 sequere
1317 1894 1375 1932 me.
1428 1867 1457 1906 ²⁰
1505 1869 1548 1933 Et

319 1996 490 2038 conuersus
511 1978 618 2058 petrus
646 1971 727 2036 uidit
754 1971 843 2035 illurn
875 1971 1065 2058 discipulum
1094 1994 1188 2055 quem
1222 1972 1374 2056 diligebat
1406 1972 1458 2035 ihs
1493 1973 1545 2054 [se-

319 2078 482 2161 quentem]
497 2087 529 2140 et
550 2075 606 2160 qui
628 2081 658 2138 et
681 2075 867 2138 recubuerat
889 2073 922 2137 in
946 2094 1054 2139 cenam
1079 2096 1173 2159 super
1194 2080 1304 2159 pectus
1327 2074 1394 2140 cius
1410 2080 1442 2140 et
1463 2075 1550 2139 dixe

319 2182 377 2243 rat.
401 2177 463 2242 dire
485 2177 556 2263 quis
579 2182 627 2242 est
653 2175 708 2262 qui
737 2176 840 2242 tradet
862 2183 893 2242 te
906 2174 932 2211 ²¹
944 2177 1029 2240 hunc
1062 2177 1135 2262 ergo
1170 2200 1240 2241 cum
1274 2177 1407 2242 uidisset
1439 2184 1549 2263 petrus

320 2280 397 2345 dicit
419 2280 458 2344 ad
479 2279 546 2343 ihm
569 2278 641 2343 dr'rle
663 2278 715 2343 hic
738 2285 843 2344 autem
868 2279 953 2363 quid.
1000 2277 1027 2315 ²²
1070 2278 1161 2343 Dicit
1190 2278 1220 2342 ei
1249 2279 1301 2343 ihs
1334 2279 1361 2344 si
1395 2278 1441 2344 sio
1474 2279 1550 2344 uolo

319 2407 389 2448 eum
414 2405 541 2447 manere
563 2382 663 2446 donec
684 2383 779 2446 uenio
806 2381 883 2466 quid
910 2382 950 2446 ad
983 2393 1024 2446 te.
1058 2389 1093 2448 tu
1116 2405 1167 2446 me
1199 2404 1340 2466 sequere.
1385 2380 1412 2418 ²³
1456 2381 1548 2446 Exiit

319 2509 392 2570 ergo
414 2486 466 2550 hic
490 2508 591 2549 sermo
614 2491 690 2571 aput
712 2483 824 2548 fratres
847 2483 923 2568 quia
953 2483 1125 2570 discipulus
1155 2483 1209 2548 ille
1243 2506 1306 2548 non
1340 2483 1480 2549 moritur.
1515 2488 1548 2548 et

317 2612 381 2653 non
404 2588 486 2653 dixit
507 2586 556 2651 illi
578 2585 639 2651 ihs.
663 2609 726 2650 non
750 2585 883 2651 moritur
905 2587 960 2651 sed
982 2587 1055 2651 uolo
1078 2609 1206 2650 manere
1229 2609 1302 2650 eum
1322 2586 1421 2651 donec
1452 2585 1550 2651 uenio

318 2690 394 2774 quid
417 2690 456 2754 ad
479 2696 519 2754 te.
566 2687 594 2725 ²⁴
637 2688 702 2754 Hic
724 2694 772 2754 est
794 2688 968 2774 discipulus
994 2689 1048 2773 qui
1075 2689 1293 2754 testimonium
1327 2689 1473 2774 perhibet
1508 2689 1549 2754 de

317 2793 368 2857 his
390 2800 422 2856 et
445 2791 519 2876 quia
541 2790 666 2876 scripsit
688 2792 766 2855 haec
789 2798 821 2856 et
848 2791 965 2857 scimus
994 2791 1069 2874 quia
1102 2815 1213 2856 uerum
1248 2801 1296 2856 est
1328 2790 1545 2856 testimonium

318 2894 394 2958 eius.
441 2891 468 2930 ²⁵
511 2895 555 2958 Et
577 2893 639 2957 alia
661 2903 768 2958 autem
791 2895 891 2958 multa
917 2917 997 2979 quac
1027 2893 1102 2959 fecit
1131 2893 1183 2957 ihs
1211 2916 1292 2977 quae
1321 2893 1349 2958 si
1378 2893 1548 2958 scriberen-

317 3005 369 3060 tur
388 3019 444 3082 per
465 2996 590 3080 singula
612 3017 670 3060 nec
693 2995 795 3080 ipsum
820 2997 953 3061 arbitror
975 2997 1129 3061 mundum
1152 3019 1262 3081 capere
1286 3019 1338 3061 eos
1365 2995 1461 3060 libros
1490 2994 1547 3081 qui

318 3098 537 3164 scriberentur.

375 3201 575 3285 euangelium
588 3224 648 3266 sec.
661 3201 799 3266 iohanni
813 3201 897 3286 expl.
909 3201 970 3266 inc.
983 3201 1185 3285 euangelium
1197 3203 1370 3267 secundum
1385 3202 1547 3266 lucanum.

613 3303 838 3387 (euangelium
863 3303 1042 3372 secundum
1068 3303 1250 3388 lucanum.)

404 3409 441 3486 (c.
469 3409 499 3481 1)
515 3404 699 3489 ¹Quoniam
711 3406 839 3492 quidem
863 3405 957 3471 multi
981 3405 1084 3471 conati
1107 3413 1181 3471 sunt
1199 3406 1344 3471 ordinare
1359 3427 1464 3470 rerum
1479 3428 1549 3470 nar-

317 3510 472 3576 rationem
495 3531 575 3592 quae
598 3508 631 3572 in
654 3508 743 3574 nobis
767 3509 912 3594 conplete
935 3508 1127 3574 sunt²sicut
1148 3508 1348 3573 tradiderunt
1376 3506 1466 3573 nobis
1490 3507 1545 3591 qui

317 3613 356 3677 ab
378 3611 471 3676 initio
493 3610 554 3696 ipsi
577 3610 726 3676 uiderunt
748 3617 780 3676 et
803 3610 941 3676 ministri
971 3610 1101 3676 fuerunt
1127 3609 1418 3676 sermonis³uisum
1446 3615 1495 3675 est
1517 3626 1547 3675 et

317 3713 396 3779 mihi
421 3715 568 3778 adsecuto
591 3736 608 3777 a
630 3712 785 3800 principio
809 3713 914 3778 omnia
937 3713 1106 3794 diligenter
1128 3737 1168 3778 ex
1199 3713 1307 3778 ordine
1329 3711 1387 3778 tibi
1411 3712 1548 3778 scribere

318 3816 436 3903 optime
459 3816 693 3902 theophile⁴ut
715 3837 882 3900 cognoscas
904 3839 1012 3881 eorum
1027 3817 1195 3881 uerborum
1213 3817 1252 3880 de
1271 3815 1384 3900 quibus
1404 3813 1549 3880 eruditus

317 3943 350 3984 es
373 3919 549 3984 ueritatem.

402 4022 427 4085 I.
475 4021 488 4059 ⁵
531 4021 609 4085 Fuit
631 4020 664 4084 in
688 4020 797 4085 diebus
823 4020 950 4086 herodis
981 4020 1063 4105 regis
1095 4021 1207 4085 iudcae
1240 4020 1382 4085 sacerdos
1417 4020 1546 4105 quidam

317 4125 444 4188 nomine
467 4123 627 4188 zacharias
650 4123 688 4186 de
712 4122 781 4186 uice
804 4124 876 4187 abia
898 4131 930 4189 et
952 4146 1032 4187 uxor
1054 4121 1101 4186 illi
1125 4124 1164 4186 de
1185 4122 1309 4187 filiabus
1332 4146 1428 4189 aaron
1444 4132 1476 4187 et
1491 4144 1545 4186 no·

319 4251 390 4292 men
414 4226 575 4290 elisabeth.
591 4225 682 4290 ⁶erat
705 4233 810 4290 autem
834 4226 925 4290 ambo
947 4225 1024 4289 iusti
1047 4232 1120 4289 ante
1143 4225 1195 4288 dr'r'r
1219 4225 1400 4290 incedentes
1424 4225 1458 4290 in
1480 4248 1545 4289 om-

317 4328 409 4393 nibus
433 4328 587 4394 mandatis
611 4334 643 4392 et
666 4327 942 4394 iustificationibus
965 4328 1019 4391 dni
1041 4327 1110 4392 sine
1137 4327 1304 4410 querella⁷
1323 4335 1355 4390 et
1383 4350 1447 4391 non
1479 4336 1548 4391 erat

316 4431 379 4494 illis
402 4429 486 4494 filius
510 4454 546 4495 eo
570 4431 652 4515 quod
675 4439 757 4495 esset
780 4430 937 4495 elisabeth
959 4430 1082 4494 sterelis
1099 4436 1130 4494 et
1146 4431 1237 4494 ambo
1252 4429 1389 4516 processi
1406 4437 1496 4494 erant
1512 4428 1547 4492 in

318 4531 426 4596 dicbus
449 4537 521 4596 suis.
568 4531 581 4570 ⁸
624 4533 758 4598 Factum
783 4540 959 4597 astantem
982 4555 1053 4596 curn
1077 4532 1250 4598 sacerdatio
1272 4531 1458 4617 fungeretur
1479 4552 1549 4596 zac

318 4633 416 4698 carias
446 4635 478 4698 in
509 4635 616 4698 ordine
646 4635 727 4699 uicis
761 4657 835 4699 suae
869 4645 943 4699 ante
977 4635 1048 4700 dom
1067 4633 1080 4671 ⁹
1098 4636 1250 4706 secudum
1285 4634 1545 4701 consuetudinem
