3467 5192
289 257 331 322 36
723 255 759 319 (c.
780 255 805 314 5)
824 252 1006 319 euangelium
1023 268 1079 305 sec.

289 426 448 493 audierint
469 427 582 492 uiuent
596 425 716 490 ²⁶sicut
739 425 824 489 enim
847 431 937 510 pater
958 424 1054 489 habet
1075 423 1176 488 uitam
1203 423 1236 488 in
1268 420 1438 509 semetipso
1471 421 1517 486 sic

289 529 376 595 dedit
398 536 430 594 et
451 530 517 594 filio
539 530 655 594 habere
677 527 777 592 uitam
800 527 834 591 in
861 525 1031 612 semetipso
1043 525 1071 564 33
1082 536 1114 590 et
1143 532 1333 611 potestatem
1366 524 1454 589 dedit
1486 523 1517 588 ei

290 630 443 697 iudicium
467 630 569 697 fecere
593 630 667 715 quia
689 629 772 694 filius
801 629 941 694 hominis
971 634 1027 694 est.
1056 627 1127 693 dico
1159 628 1244 693 enim
1279 626 1370 692 uobis
1381 624 1409 664 33
1420 626 1518 692 nolite

291 733 399 798 mirari
421 732 455 798 in
477 734 536 798 hoc
559 737 633 818 quis
655 732 745 797 uenit
766 733 843 796 hora
866 731 900 795 in
923 754 987 816 qua
1015 754 1124 795 omnes
1151 730 1208 816 qui
1238 730 1271 794 in
1305 729 1517 794 monumentis

291 843 365 901 sunt
386 835 517 900 audient
538 859 648 900 uocem
672 835 739 900 eius
751 833 777 872 33
789 841 821 899 et
842 834 1014 920 procedent
1036 833 1091 918 qui
1119 835 1201 899 bona
1233 832 1377 899 feceruut
1409 831 1441 896 in
1473 855 1518 896 re·

291 937 518 1004 surrectionem
542 937 637 1002 uitae.
662 937 717 1021 qui
740 960 815 1001 uero
846 936 931 1000 mals
954 943 1087 1021 egerunt
1114 935 1147 999 in
1178 936 1439 1002 resurrectionem
1470 933 1517 998 iu·
1542 964 1554 969 ·

290 1041 375 1106 dicii.
421 1038 449 1076 33
491 1041 565 1104 Non
587 1062 714 1125 possum
736 1061 793 1123 ego
816 1061 834 1102 a
857 1039 992 1124 metipso
1014 1037 1118 1103 facere
1140 1037 1318 1123 quicquam.
1353 1037 1436 1102 sicut
1466 1038 1518 1100 eni

291 1143 385 1208 audio
408 1141 513 1206 iudico
536 1149 568 1206 et
589 1141 743 1206 iudicium
766 1165 873 1205 meum
896 1141 984 1206 iustd
1008 1145 1055 1205 est
1077 1139 1152 1224 quia
1174 1163 1237 1205 non
1266 1162 1383 1223 quaero
1405 1139 1517 1203 uolun-

291 1254 357 1310 tate
380 1267 481 1309 meam
506 1243 561 1308 sed
583 1248 749 1309 uoluntatis
782 1243 850 1309 eius
878 1243 933 1328 qui
966 1242 1053 1307 misit
1084 1266 1134 1307 me
1165 1243 1273 1328 patris.
1318 1240 1346 1278 33
1391 1241 1427 1307 Si
1461 1264 1519 1326 ego

291 1347 508 1412 testimonium
530 1345 680 1431 perhibeo
703 1346 741 1410 de
765 1369 815 1409 me
832 1345 902 1431 ipso
916 1344 1131 1411 testimonium
1144 1368 1250 1409 meum
1262 1369 1326 1410 non
1344 1352 1391 1410 est
1407 1366 1518 1408 uerum

292 1447 320 1485 33
329 1450 409 1514 alter
431 1454 478 1514 est
502 1447 557 1531 qui
581 1447 797 1512 testimonium
820 1449 966 1533 perhibet
989 1446 1028 1512 de
1050 1470 1101 1511 me
1131 1448 1175 1529 [et
1200 1446 1265 1512 scio
1299 1446 1373 1531 quia
1407 1469 1518 1510 uerum

263 1559 340 1634 *est
361 1549 578 1616 testimouium
603 1549 686 1634 quod
710 1550 853 1634 perhibet
876 1551 915 1614 de
938 1551 1009 1632 met
1056 1547 1083 1586 33
1127 1549 1194 1614 Uos
1223 1549 1284 1630 ipsi
1316 1548 1448 1614 misistis
1481 1548 1519 1612 ad

294 1677 343 1717 me
366 1663 398 1717 et
421 1652 637 1718 testimonium
660 1651 822 1738 perhibuit
843 1653 997 1716 iohannes
1020 1652 1059 1717 de
1072 1676 1132 1717 me.
1147 1649 1175 1687 ³⁴
1185 1674 1243 1735 ego
1266 1659 1373 1716 autem
1395 1674 1459 1716 non
1481 1651 1520 1714 ab

263 1767 265 1773 '
292 1755 420 1820 homine
443 1754 660 1819 testimonium
684 1754 807 1840 adcipio
829 1755 884 1820 sed
906 1756 985 1818 haec
1009 1753 1078 1819 dico
1108 1761 1143 1818 ut
1173 1777 1229 1819 uos
1256 1753 1338 1818 salui
1370 1752 1448 1817 sitis.
1493 1751 1521 1792 33

294 1858 354 1921 Ille
378 1861 445 1920 erat
466 1857 594 1920 lucerna
616 1856 728 1920 ardens
751 1868 783 1919 et
805 1858 922 1921 lucens.
947 1879 1003 1920 uos
1033 1866 1138 1922 autem
1169 1854 1314 1920 uoluistis
1343 1855 1381 1919 sd
1411 1856 1520 1918 horam

292 1959 438 2023 exultare
461 1957 494 2022 in
517 1959 587 2022 luce
610 1957 686 2022 eius.
701 1957 729 1995 33
740 1981 797 2042 ego
825 1966 933 2023 autem
963 1959 1063 2023 habeo
1093 1958 1312 2023 testimonium
1345 1958 1447 2022 maius
1480 1956 1521 2021 io·

293 2063 406 2125 banne.
452 2059 557 2145 Opera
580 2061 664 2124 enim
688 2084 769 2145 quae
792 2061 880 2125 dedit
902 2061 981 2125 mihi
1003 2069 1092 2146 pater
1121 2066 1157 2125 ut
1189 2060 1348 2145 perficiam
1382 2083 1421 2124 ea
1453 2059 1522 2144 ipsa

293 2186 387 2248 opera
410 2161 627 2228 testimonium
649 2161 818 2247 perhibent
839 2162 878 2227 de
901 2187 952 2227 me
976 2162 1049 2247 quia
1071 2172 1162 2248 pater
1183 2185 1234 2226 ms
1256 2161 1343 2226 misit
1358 2159 1385 2199 33
1403 2168 1436 2225 et
1464 2160 1521 2246 qui

294 2288 345 2330 me
367 2263 454 2328 misit
476 2268 564 2349 pater
587 2264 641 2327 ille
663 2263 881 2328 testimonium
904 2265 1049 2350 perhibet
1071 2265 1110 2328 de
1133 2289 1182 2328 me
1206 2287 1310 2348 neque
1327 2287 1435 2328 uocem
1454 2262 1522 2327 eius

294 2388 444 2449 umquam
467 2365 600 2430 audistis
623 2389 727 2450 neque
749 2368 883 2450 figuram
907 2367 976 2431 eius
999 2366 1126 2430 uidistis
1140 2364 1167 2402 33
1179 2374 1211 2431 et
1226 2367 1359 2430 uerbum
1375 2365 1442 2430 eius
1458 2388 1521 2429 non

294 2467 426 2532 audistis
448 2467 481 2531 in
505 2468 594 2532 uobis
617 2472 797 2532 manentem
828 2468 903 2553 quia
932 2492 1027 2554 quem
1054 2468 1142 2533 misit
1176 2469 1231 2532 ille
1263 2468 1338 2533 huic
1369 2491 1425 2532 uos
1458 2490 1522 2531 non

293 2569 431 2634 creditis.
445 2567 472 2606 33
483 2568 667 2634 scrutamini
690 2569 859 2655 scripturas
884 2571 917 2634 in
940 2570 1054 2655 quibus
1076 2571 1196 2654 putatis
1218 2594 1275 2635 uos
1297 2570 1397 2634 uitam
1424 2578 1522 2634 aeter·

294 2695 368 2734 nam
391 2671 505 2734 habere
529 2682 559 2735 et
581 2671 655 2736 illae
678 2680 752 2737 sunt
774 2695 856 2756 quae
878 2673 1096 2737 testimonium
1127 2673 1295 2758 perhibent
1328 2672 1367 2737 ds
1401 2695 1451 2734 me
1488 2671 1521 2734 in

294 2773 408 2857 quibus
431 2773 549 2857 putatis
572 2796 628 2838 uos
652 2773 750 2838 uitam
774 2775 889 2840 habere
902 2773 931 2811 ⁴⁰
942 2787 974 2838 et
995 2799 1059 2839 non
1082 2775 1179 2839 uultis
1202 2776 1241 2839 ad
1264 2799 1314 2839 me
1343 2775 1455 2839 uenire
1486 2781 1523 2837 ut

295 2875 364 2938 uitis
387 2873 722 2960 habeatis.⁴¹glor-iam
744 2877 782 2940 ab
805 2876 987 2941 hominibus
1010 2901 1072 2942 non
1099 2877 1234 2962 adcipio.
1251 2875 1279 2913 ⁴²
1297 2875 1354 2942 sed
1387 2874 1520 2960 cognoui

296 3000 352 3041 uos
375 2977 450 3061 quia
474 2976 643 3043 dilectionis
666 2979 697 3041 di
719 3002 783 3043 non
805 2979 929 3044 habetis
953 2978 984 3042 in
1015 2979 1105 3044 uobis
1138 2979 1225 3064 ipsis.
1244 2977 1272 3014 4³
1289 3002 1345 3062 ego
1381 2977 1455 3042 ueni
1488 2977 1523 3040 in

295 3079 423 3144 nomine
446 3079 544 3164 patris
567 3081 629 3145 mei
653 3086 685 3144 et
706 3104 770 3145 non
797 3081 940 3166 desipitis
969 3083 1041 3164 [me]
1073 3081 1100 3145 si
1133 3081 1214 3146 alius
1246 3081 1371 3146 uenerit
1403 3081 1438 3144 iu
1470 3103 1524 3145 no·

295 3179 379 3246 mine
403 3205 459 3246 suc
482 3172 572 3244 illum
595 3182 761 3268 adcipictis
772 3182 801 3220 4⁴
811 3184 968 3268 quomodo
990 3170 1122 3268 potestis
1150 3207 1207 3248 uos
1235 3184 1362 3248 credere
1390 3184 1522 3268 gloriam

294 3284 333 3346 ab
355 3283 492 3348 inuicem
517 3292 703 3368 quaerentes
726 3292 758 3351 et
779 3284 912 3368 gloriam
936 3307 1019 3371 quae
1048 3287 1087 3350 ab
1119 3287 1174 3350 illo
1207 3286 1273 3350 solo
1305 3291 1353 3350 est
1387 3285 1426 3348 do
1460 3307 1524 3348 non

293 3384 438 3469 queritis.
483 3385 511 3423 ⁴¹⁵
553 3386 663 3452 Nolite
686 3394 797 3472 putare
819 3387 896 3471 quia
923 3410 981 3471 ego
1015 3390 1167 3453 accusabo
1202 3411 1258 3452 uos
1291 3393 1368 3473 aput
1401 3397 1524 3472 patrem

294 3497 342 3551 cst
365 3486 420 3569 qui
442 3489 571 3554 adcusat
592 3511 649 3553 uos
672 3512 795 3573 moyses
818 3488 851 3553 in
874 3513 967 3574 quem
991 3513 1049 3554 uos
1071 3490 1204 3575 speratis
1215 3489 1244 3528 33
1255 3489 1282 3555 si
1304 3488 1390 3552 enim
1420 3488 1525 3552 crede-

296 3588 395 3670 [re]tis
418 3589 519 3673 moysi
541 3591 709 3655 crederetis
721 3590 851 3656 forsitan
865 3600 898 3656 et
912 3590 991 3656 mihi
1007 3592 1047 3657 de
1062 3616 1113 3656 mc
1132 3592 1217 3655 enim
1231 3592 1349 3672 illae(l)
1361 3591 1486 3676 scripsit
1497 3589 1525 3627 ⁴⁷

294 3695 321 3756 si
344 3699 448 3755 autem
473 3691 559 3757 illius
582 3693 698 3759 litteris
721 3717 785 3758 non
808 3693 938 3759 creditis
960 3694 1116 3779 quomodo
1144 3694 1248 3760 uerbis
1277 3694 1357 3758 meis
1380 3692 1524 3758 credetis.

380 3793 464 3858 XII.
490 3801 528 3870 (c.
553 3798 587 3872 6)
634 3794 645 3831 ¹
690 3797 767 3861 Post
788 3797 866 3861 haec
888 3795 941 3860 ihs
964 3795 1043 3862 abiit
1064 3803 1151 3861 trans
1171 3819 1257 3861 mare
1272 3794 1424 3881 galilaeae
1439 3794 1526 3859 illius

296 3895 686 3982 tiberiadis²sequebatur
707 3905 813 3963 autem
836 3898 927 3962 illum
957 3900 1126 3964 multitudo
1158 3899 1292 3984 [magna]
1328 3897 1404 3981 quia
1436 3897 1524 3961 uide·

296 3998 372 4062 bant
394 3997 484 4082 signa
506 4023 587 4084 quse
609 3999 744 4064 faciebat
767 4000 806 4063 de
827 4001 877 4064 his
900 4001 955 4086 qui
979 3999 1253 4066 infirmabantur.³
1271 3999 1351 4064 abiit
1370 4023 1444 4084 ergo
1473 3999 1526 4063 ihs

296 4098 329 4162 in
353 4105 491 4164 montem
515 4111 546 4167 et
569 4101 613 4167 ibi
635 4103 764 4167 sedebat
786 4126 858 4168 cum
870 4103 1035 4189 discipulis
1046 4103 1119 4168 suis.
1134 4103 1148 4140 ⁴
1161 4111 1229 4168 erat
1244 4108 1318 4168 autc
1334 4102 1525 4189 proximum.

296 4202 412 4286 pascha
434 4203 502 4268 dies
524 4204 623 4269 festus
645 4205 807 4269 iudaeorri.
855 4205 867 4243 ⁵
913 4205 995 4270 Oum
1019 4229 1091 4290 ergo
1115 4207 1270 4271 eleussset
1296 4206 1403 4270 oculos
1421 4204 1472 4269 ihs
1495 4209 1528 4269 et

296 4301 430 4368 uidisset
451 4304 526 4390 quia
548 4307 718 4371 multitudo
741 4309 882 4372 maxima
905 4307 995 4373 uenit
1021 4307 1060 4371 cd
1091 4332 1165 4372 eum
1196 4309 1241 4372 ait
1273 4308 1313 4373 ad
1346 4307 1527 4393 philippum

295 4405 381 4469 unde
412 4429 553 4471 ememus
586 4432 683 4494 panes
717 4417 753 4474 ut
785 4411 979 4475 manducent
1011 4410 1056 4473 hi.
1102 4409 1115 4447 3
1160 4411 1232 4476 Hoc
1260 4403 1370 4474 'autem
1404 4409 1527 4475 dicebat

297 4513 456 4593 temptans
479 4533 551 4574 eum
574 4510 641 4597 ipse
664 4520 770 4576 autem
792 4511 913 4577 sciebat
936 4511 1012 4596 quid
1036 4520 1118 4578 esset
1133 4512 1283 4578 facturus.
1330 4512 1342 4551 3
1385 4513 1528 4597 Respon-

296 4608 375 4673 dens
398 4609 428 4674 ei
450 4611 620 4698 philippus.
649 4614 856 4679 ducentorum
878 4613 1082 4679 denariorum
1114 4636 1213 4701 panes
1234 4638 1297 4679 non
1330 4623 1406 4679 sunt
1428 4613 1526 4692 [suffi-
