3467 5192
697 261 852 314 iohannem
879 262 916 325 (c.
937 261 972 328 4).
1037 251 1303 337 UNMRSU'Y
1406 264 1449 328 33

303 434 402 501 VIII.
427 441 464 508 (c.
488 433 522 512 4)
568 431 579 467 ¹
623 431 670 497 Ut
692 454 766 516 ergo
790 431 841 496 ihs
865 428 1041 517 cognouit
1114 351 1185 475 ⁸¹0?
1256 402 1449 519 btphari-

215 534 287 600 saei
310 536 393 620 quod
417 535 468 599 ihs
490 534 596 621 plures
619 534 787 620 discipulos
809 532 907 599 farciat
934 544 967 599 et
992 533 1130 620 baptizat
1153 535 1253 620 magis
1283 558 1378 620 quam
1407 536 1450 601 io-

218 635 569 722 hannequuamquam
593 636 644 700 ihs
668 660 731 701 non
753 635 929 722 baptizaret
956 636 1011 702 sed
1037 636 1184 722 discipuli
1214 636 1450 724 eius³reliquit

219 738 364 804 iudaeam
388 746 420 804 et
442 739 519 804 abiit
541 738 658 805 iterum
682 738 713 802 in
746 737 922 824 galilaeam.
967 737 981 775 ⁴
1024 736 1199 824 Oportebat
1235 746 1342 806 autem
1376 764 1449 806 eum

219 841 354 906 transire
375 865 433 928 per
455 841 621 906 samariam
636 839 750 906 ⁵uenit
772 848 878 906 autem
903 841 937 905 in
959 840 1090 906 ciuitate
1117 841 1270 907 samariae
1298 864 1369 926 quae
1403 841 1448 908 di·

216 942 303 1007 citur
324 945 436 1028 sychar
457 943 549 1008 iuxta
573 943 726 1030 praedium
750 944 833 1028 quod
856 943 944 1008 dedit
965 943 1053 1008 iacob
1076 943 1141 1008 filio
1164 967 1220 1009 suo
1243 943 1354 1030 ioseph

305 1047 369 1110 IX.
384 1045 475 1111 6erat
498 1055 604 1110 autern
627 1046 671 1110 ibi
693 1044 765 1110 fons
788 1046 886 1110 iacob.
911 1046 969 1110 Ihs
991 1051 1099 1111 autem
1114 1046 1264 1131 fatigatus
1279 1070 1320 1111 ex
1334 1045 1450 1110 itinere

216 1146 350 1212 sedebat
372 1148 438 1231 [sic]
467 1171 560 1234 super
582 1155 721 1233 puteum.
749 1149 826 1213 hora
859 1155 927 1213 erat
960 1147 1052 1233 quasi
1085 1154 1182 1214 sexta.
1230 1148 1242 1186 ⁷
1284 1149 1330 1214 Et
1360 1148 1451 1213 uenit

218 1249 334 1313 mulier
345 1249 535 1315 samaritana
556 1250 683 1315 haurire
705 1260 796 1335 aqua.
822 1250 899 1316 dicit
921 1249 952 1314 ei
974 1249 1035 1314 ihs.
1060 1251 1100 1314 da
1111 1250 1190 1315 mihi
1205 1249 1450 1316 bibere.⁸disci·

221 1350 288 1436 puli
312 1351 396 1417 eninr
420 1353 489 1418 eius
511 1353 655 1418 abierant
677 1351 710 1416 in
733 1351 897 1418 ciuitatem
927 1360 963 1416 ut
989 1353 1075 1418 cibos
1108 1363 1258 1419 emerent.
1305 1351 1318 1390 ⁹
1361 1351 1451 1418 Dicit

221 1452 251 1517 ei
274 1476 347 1538 ergo
369 1455 484 1520 mulier
506 1455 561 1519 illa
583 1455 783 1520 samaritana.
808 1465 844 1520 tu
866 1478 937 1519 cum
955 1455 998 1520 sis
1026 1454 1157 1521 iudaeus
1180 1455 1335 1541 quomodo
1359 1479 1376 1519 a
1399 1479 1450 1519 me

220 1554 327 1619 bibere
350 1557 432 1642 petis
456 1581 527 1622 cum
550 1562 607 1622 sim
632 1557 746 1622 mulier
769 1557 968 1622 samaritana.
992 1581 1056 1622 non
1087 1559 1173 1622 enim
1198 1564 1369 1624 coutuntur
1402 1558 1449 1622 iu·

218 1656 292 1721 daei
316 1681 384 1722 curn
409 1659 618 1726 samaritanis.
665 1658 692 1696 ¹⁰
735 1659 914 1745 Respondit
936 1659 987 1723 ihs
1011 1667 1043 1725 et
1064 1659 1147 1725 dixit
1169 1660 1207 1725 ei.
1232 1660 1260 1725 si
1278 1660 1373 1726 scires
1397 1662 1449 1727 do·

220 1783 298 1823 nuni
322 1760 353 1824 di
377 1769 408 1825 et
431 1763 501 1846 quis
524 1762 647 1848 estqui
671 1761 748 1826 dicit
771 1762 839 1827 tibi.
863 1762 903 1827 da
921 1761 999 1826 mihi
1017 1762 1123 1827 bibere
1140 1768 1175 1827 tu
1196 1761 1339 1828 forsitam
1349 1765 1450 1849 (l)pe·

221 1861 313 1926 tisses
336 1864 375 1927 ab
398 1888 434 1929 eo
458 1872 489 1928 et
513 1864 650 1930 dedisset
676 1863 735 1929 tibi
769 1888 882 1950 aquam
918 1863 1037 1929 uiuam.
1084 1863 1109 1900 ¹¹
1156 1865 1241 1930 Dicit
1274 1865 1305 1930 ei
1326 1864 1450 1931 mulier.

219 1964 285 2028 dne
308 1988 412 2051 neque
433 1965 467 2030 in
490 1989 552 2050 quo
575 1966 679 2032 aurias
702 1967 799 2032 habes
827 1975 859 2031 et
893 1980 1009 2052 puteus
1040 1967 1123 2031 altus
1157 1974 1204 2032 est
1237 1968 1320 2032 unde
1355 1969 1452 2034 habes

225 2088 338 2149 aquam
362 2067 480 2133 uiuam.
493 2066 519 2105 ¹²
531 2068 687 2154 numquid
710 2069 864 2134 maiores
887 2073 923 2134 tu
945 2076 1033 2155 patre
1056 2078 1161 2134 nostro
1184 2069 1273 2134 iacob
1296 2069 1351 2155 qui
1367 2069 1454 2135 dedit

220 2167 312 2232 nobis
334 2177 465 2255 puteum
488 2171 574 2237 hunc
596 2179 628 2237 st
650 2171 718 2258 ipse
741 2196 780 2237 ex
803 2195 840 2237 eo
863 2170 945 2236 bibit
966 2177 999 2236 et
1020 2171 1076 2235 filii
1101 2171 1169 2236 eius
1192 2180 1224 2237 et
1245 2195 1357 2258 pecora
1373 2171 1451 2237 eius.

222 2267 250 2305 ¹³
295 2271 472 2358 Respondit
494 2274 545 2337 ihs
569 2281 601 2338 et
623 2273 706 2338 dixit
728 2276 767 2339 si.
791 2273 894 2338 omnis
921 2272 1079 2358 quibibit
1104 2297 1143 2337 ex
1173 2275 1231 2338 hac
1253 2297 1336 2359 aqua
1366 2273 1454 2340 sitiet

221 2371 339 2436 iterum
361 2375 415 2458 qui
438 2387 543 2440 autem
567 2375 681 2441 biberit
704 2376 743 2441 de
764 2377 824 2440 hac
846 2399 929 2461 aqua
951 2399 1047 2460 quam
1069 2399 1126 2456 ego
1156 2377 1235 2440 dabo
1264 2376 1294 2440 ei
1325 2399 1388 2440 non
1414 2377 1454 2442 si-

222 2473 282 2538 tiet
304 2474 336 2538 in
361 2486 523 2542 aeteruum
538 2477 565 2514 ¹⁴
575 2479 630 2544 sed
652 2501 735 2563 aqua
757 2502 851 2564 quam
875 2479 954 2542 dabo
977 2478 1008 2542 ei
1029 2479 1085 2542 fiet
1110 2477 1144 2542 in
1177 2501 1214 2542 eo
1247 2476 1318 2543 fons
1351 2500 1452 2563 aquae

220 2575 365 2642 salientis
388 2579 422 2642 in
446 2580 544 2645 uitam
568 2592 736 2649 aeternam.
785 2579 811 2619 ¹⁶
865 2579 955 2646 Dicit
988 2580 1026 2645 ad
1061 2603 1134 2645 eum
1167 2578 1282 2644 mulier
1315 2579 1379 2644 dne
1413 2580 1453 2644 da
1485 2667 1489 2672 ι

221 2676 301 2741 mihi
326 2680 407 2745 hano
428 2705 540 2765 aquarn
566 2691 599 2748 nt
621 2706 685 2748 non
706 2683 811 2748 sitiam
826 2706 930 2768 neque
953 2684 1080 2747 ueniam
1103 2683 1163 2746 huc
1191 2681 1231 2746 ad
1252 2681 1450 2747 auriendum.

223 2778 341 2846 1⁶dicit
362 2785 391 2847 ei
414 2783 474 2848 ihs.
499 2786 579 2850 uude
602 2809 680 2852 uoca
703 2785 806 2850 uirum
831 2793 922 2850 tuum
945 2793 977 2850 et
999 2783 1155 2850 uenihuc.
1172 2781 1450 2870 ¹⁷responditmu·

219 2881 281 2946 lier
303 2895 335 2950 et
357 2885 439 2956 dixit
461 2888 491 2952 ei
513 2912 577 2953 non
598 2890 699 2954 habeo
721 2888 835 2953 uirum.
881 2886 971 2952 Dicit
993 2886 1024 2952 ei
1045 2887 1106 2952 ihs.
1129 2887 1210 2950 bene
1237 2886 1347 2952 dixisti
1376 2886 1452 2972 quia

222 2983 328 3049 uirum
351 3011 413 3052 non
435 2990 532 3055 habes
546 2989 724 3076 ¹⁸quinque
747 2991 799 3054 cni
822 2988 908 3054 uiros
930 2989 1068 3054 habuisti
1084 2995 1116 3054 et
1131 3013 1214 3054 nunc
1238 3013 1333 3074 quem
1354 2990 1451 3054 habes

224 3108 288 3150 non
310 3098 358 3154 est
379 3095 454 3156 tuus
476 3091 526 3156 uir
548 3094 606 3158 hoc
628 3117 703 3158 uere
726 3091 846 3158 dixisti.
882 3089 910 3128 ¹⁹
954 3091 1044 3156 Dicit
1065 3092 1096 3156 si
1117 3091 1242 3155 mulier.
1266 3091 1329 3155 dhe
1358 3091 1451 3157 uideo

221 3189 299 3272 quia
320 3196 473 3279 propheta
495 3218 529 3259 es
561 3204 597 3260 tu
615 3194 757 3282 ²⁰patres
779 3195 879 3260 nostri
900 3194 935 3258 in
956 3198 1063 3259 monte
1088 3195 1148 3258 hoc
1176 3194 1388 3258 adorauerunt
1420 3202 1453 3260 et

221 3315 280 3357 uos
302 3294 407 3360 dicitis
429 3297 503 3383 quia
527 3297 746 3383 hierosolymis
769 3303 817 3363 est
838 3298 925 3362 locus
947 3295 1003 3361 ubi
1021 3296 1150 3361 adorare
1178 3301 1309 3382 oportet.
1328 3295 1353 3333 ²¹
1375 3295 1453 3361 dicit

221 3391 253 3457 ei
277 3394 337 3459 ihs.
361 3399 476 3463 mulier
498 3401 589 3465 crede
613 3401 690 3466 mihi
715 3399 790 3484 quia
811 3399 903 3465 uenit
918 3399 994 3463 hora
1012 3399 1159 3485 [quando]
1179 3422 1281 3484 neque
1296 3398 1330 3463 in
1346 3408 1453 3463 monte

222 3495 283 3561 hoc
305 3521 408 3583 neque
432 3501 464 3566 in
488 3503 707 3587 hierosolymis
731 3500 900 3568 adorabitis
922 3507 1045 3586 patrem
1062 3500 1089 3538 ²²
1108 3523 1166 3566 uos
1196 3501 1335 3566 adoratis
1368 3499 1453 3585 quod

221 3599 360 3667 nescitis.
406 3604 474 3669 Nos
496 3605 662 3670 adoramus
684 3605 768 3690 quod
793 3604 909 3670 scimus
939 3603 1015 3688 quia
1048 3603 1133 3668 salus
1166 3627 1206 3668 ex
1239 3601 1360 3667 iudaeis
1394 3607 1451 3666 est.
1549 3653 1556 3662 .

225 3698 252 3737 ²³
296 3703 360 3768 Sed
383 3705 473 3771 uenit
493 3707 571 3771 hora
593 3718 626 3772 et
648 3731 732 3772 nunc
755 3715 802 3771 est
824 3706 950 3791 quando
981 3703 1050 3770 ueri
1076 3705 1256 3769 adoratores
1286 3710 1317 3769 et
1348 3704 1453 3768 adora-

223 3804 303 3869 bunt
325 3815 443 3892 patrem
457 3808 490 3872 in
503 3810 562 3894 spir
574 3818 606 3876 et
622 3809 788 3874 ueritatem
797 3813 832 3889 (l)
850 3831 924 3872 nam
947 3816 979 3872 et
1000 3813 1091 3892 pater
1110 3806 1226 3888 talistl)
1249 3805 1375 3891 quaerit
1397 3805 1454 3890 qui

222 3907 357 3974 adorent
378 3932 451 3975 eum
464 3909 554 3998 “sps
578 3917 625 3977 est
647 3912 684 3976 ds
707 3919 739 3978 et
761 3935 814 3977 eos
837 3909 894 3995 qui
916 3910 1047 3975 adorant
1069 3910 1165 3990 [eum]
1189 3908 1223 3973 in
1246 3909 1307 3995 spir
1334 3915 1366 3973 at
1398 3931 1452 3974 ue·

224 4007 319 4074 ritate
341 4021 463 4098 oportet
485 4015 625 4080 adorare.
672 4012 699 4052 ²⁶
742 4014 832 4080 Dicit
853 4012 884 4078 ei
907 4011 1028 4077 mulier.
1052 4010 1181 4076 messias
1200 4011 1264 4076 scio
1296 4011 1371 4096 quia
1398 4034 1452 4076 ue·

224 4111 275 4177 nit
297 4115 352 4197 qui
375 4114 491 4181 dicitur
513 4121 581 4201 xpi.
618 4137 687 4181 cnm
711 4139 784 4201 ergo
806 4113 932 4180 uenerit
960 4112 1016 4178 ille
1048 4111 1138 4177 nobis
1165 4112 1366 4179 adnuntiabit
1391 4135 1454 4177 orn·

225 4213 289 4279 nia.
304 4214 331 4253 ²⁶
343 4216 420 4282 dicit
441 4217 471 4282 ei
494 4217 554 4283 ihs.
579 4241 636 4303 ego
662 4241 731 4283 sum
756 4217 812 4303 qui
834 4217 945 4301 loquor
978 4223 1092 4285 tecum.
1148 4213 1175 4253 ’ἵ
1228 4216 1271 4280 Et
1304 4214 1454 4280 continuo

227 4331 384 4384 uenerunt
406 4319 555 4406 discipuli
578 4322 646 4386 eius
669 4328 700 4387 et
723 4319 918 4385 mirabantur
940 4318 1015 4403 quia
1041 4341 1113 4383 cum
1142 4316 1277 4381 muliere
1305 4316 1453 4403 loqueba·

227 4427 287 4484 tur.
311 4445 404 4488 nemo
427 4432 533 4487 tamen
556 4423 638 4489 dixit
660 4423 734 4498 quid
758 4421 883 4507 quaeris
905 4427 961 4486 aut
983 4420 1059 4505 quid
1077 4419 1215 4505 loqueris
1236 4442 1307 4484 cum
1334 4441 1380 4483 ea.
1427 4415 1455 4455 ²⁸

225 4521 373 4607 Reliquit
395 4548 468 4610 ergo
491 4523 606 4589 mulier
627 4524 774 4609 hydriam
797 4546 886 4589 suam
910 4533 942 4588 et
964 4522 1042 4587 abiit
1064 4522 1097 4585 in
1120 4520 1285 4586 ciuitatem
1317 4531 1349 4585 et
1377 4518 1455 4585 dicit

225 4621 314 4709 [illis]
338 4627 527 4693 hominibus.
542 4624 569 4663 ⁹⁹
581 4626 688 4693 uenite
710 4633 743 4692 st
764 4627 871 4691 uidete
887 4624 1049 4689 hominem
1064 4623 1119 4709 qui
1134 4623 1216 4689 dixit
1230 4622 1333 4702 [mihi]
1349 4621 1457 4687 omnia

381 4747 431 4790 cod.
447 4746 509 4791 corb.
1286 4729 1302 4778 3
