3467 5192
310 281 372 345 104
736 281 771 345 (e.
799 279 827 346 1)
855 280 1036 346 euangelium
1058 297 1112 336 sec.

309 473 399 516 suam
433 455 465 516 et
497 456 630 536 tangens
663 475 736 516 eum
780 449 863 516 dixit
895 451 968 516 uolo
1001 430 1163 516 mundare.
1175 449 1204 488 ⁴²
1216 457 1248 517 et
1281 451 1447 518 confestim
1479 453 1543 519 dis·

309 551 403 619 cessit
430 554 519 639 lepra
551 554 590 618 ab
623 576 660 620 eo
693 560 726 620 et
754 554 903 618 mudatus
925 560 981 619 est.
994 552 1067 619 “et
1088 553 1286 620 comminatus
1308 560 1357 619 est
1378 553 1409 620 ei
1430 555 1540 622 statim

310 654 431 722 dimisit
464 654 617 722 eum⁴⁴et
650 655 727 722 dicit
748 656 778 722 ei
808 657 883 722 uide
904 655 1026 722 nemini
1056 655 1174 722 dixeris
1206 655 1261 721 sed
1294 651 1378 723 uade¹
1407 659 1538 723 ostende

309 764 341 824 te
364 751 577 824 sacerdotibus
600 764 631 825 et
653 759 745 825 offers
768 783 824 846 pro
847 758 1071 825 emundatione
1094 767 1182 824 tuam
1198 781 1280 844 qnae
1294 759 1435 845 precepit
1449 783 1538 846 moy·

310 883 359 927 ses
381 859 416 926 in
437 861 654 927 testimonium
677 861 752 927 illis.
796 859 825 900 ⁴⁵
866 862 927 927 Ille
954 884 1031 927 uero
1064 883 1207 946 egressus
1240 861 1345 947 coepit
1376 863 1544 948 predicare

310 971 342 1030 et
364 963 562 1029 diffamatum
585 987 762 1030 sermonem
784 964 830 1031 ita
851 970 889 1030 ut
910 964 973 1029 iam
995 987 1060 1030 non
1081 973 1187 1049 posset
1212 963 1380 1030 manifeste
1406 965 1544 1031 introire

312 1066 346 1132 in
372 1065 535 1132 ciuitatem
557 1067 613 1132 sed
635 1066 711 1132 feris
733 1066 767 1132 in
790 1067 922 1133 desertis
943 1067 1020 1133 loeis
1041 1089 1110 1133 esse
1132 1073 1165 1131 et
1186 1066 1395 1133 conueniebat
1409 1067 1449 1131 ad
1464 1091 1538 1133 eum

310 1169 459 1253 undique.

396 1273 437 1338 V.
461 1274 500 1351 (c.
524 1273 558 1344 2)
604 1271 616 1308 ²
659 1272 704 1338 Et
725 1270 858 1337 intrauit
880 1271 995 1338 iterum
1017 1273 1230 1358 capharnaum
1252 1279 1322 1357 post
1343 1271 1536 1338 dies²audi·

299 1388 377 1441 -tnm
400 1381 448 1442 est
470 1375 554 1460 quod
576 1374 611 1439 in
632 1374 752 1457 d0(mo)
773 1380 856 1440 esset
878 1383 911 1440 et
932 1374 1098 1441 confestim
1120 1372 1215 1439 multi
1241 1383 1459 1440 conuenerunt
1491 1376 1538 1441 ita

310 1485 347 1545 ut
368 1477 431 1543 iam
453 1500 517 1543 non
533 1487 659 1564 caperet
679 1499 781 1562 usque
803 1476 842 1542 ad
865 1475 992 1542 ianuam
1015 1488 1048 1544 et
1069 1478 1257 1563 loquebatur
1271 1477 1311 1542 ad
1325 1501 1379 1543 eos
1394 1480 1536 1545 uerbum.

310 1580 323 1620 ⁸
366 1581 411 1646 Elt
443 1585 601 1645 uenerunt
638 1579 677 1644 ad
710 1602 782 1644 eum
814 1578 992 1646 adferentes
1022 1578 1232 1666 paralyticum
1265 1579 1321 1664 qui
1354 1581 1539 1666 portabatur

312 1707 330 1748 a
353 1687 497 1768 quatuor.
510 1681 567 1748 ‘et
589 1703 661 1748 cum
691 1705 754 1747 non
777 1693 905 1768 possent
927 1683 1079 1749 adsedere
1100 1704 1156 1768 pre
1175 1683 1268 1748 turba
1297 1682 1540 1749 denudanerunt

308 1793 429 1852 tectum
451 1784 507 1850 ubi
529 1790 597 1850 erat
617 1784 669 1849 ihs
691 1791 724 1850 et
746 1785 972 1851 summiserunt
994 1786 1157 1866 grabatum
1179 1785 1213 1849 in
1244 1808 1306 1871 qno
1338 1784 1461 1851 iacebat
1486 1809 1539 1872 pa·

309 1887 473 1972 ralyticus.
518 1888 532 1927 ⁶
574 1887 697 1953 Uidens
719 1895 826 1954 autem
849 1887 901 1953 ihs
928 1889 1022 1954 fidem
1051 1887 1177 1954 illorum
1209 1887 1254 1954 ait
1285 1887 1459 1974 paralytico
1490 1886 1537 1952 fili

308 1991 516 2056 remittuntur
536 1989 596 2055 tibi
617 1995 754 2076 peccata.
802 1989 815 2027 ⁶
857 1991 961 2056 Erant
983 1997 1089 2056 autem
1110 1990 1177 2056 illic
1202 1989 1332 2076 quidam
1360 1990 1400 2055 de
1426 1988 1542 2056 scribis

309 2093 454 2159 sedentes
477 2099 509 2159 et
531 2091 703 2179 cogitantes
726 2092 760 2157 in
784 2093 929 2158 cordibus
950 2092 1128 2180 suis⁷quid
1150 2093 1203 2159 hic
1225 2093 1271 2159 sic
1293 2092 1434 2178 loquitur
1454 2093 1535 2159 blaa-

308 2197 438 2283 phemat
461 2195 531 2280 quis
553 2200 657 2282 potest
679 2194 838 2262 dimittere
860 2202 989 2282 peccata
1010 2196 1073 2262 nisi
1093 2197 1178 2261 solus
1200 2196 1248 2258 ds.
1297 2194 1311 2233 ⁸
1363 2195 1435 2281 Quo
1468 2218 1538 2281 cog-

306 2298 375 2365 nito
396 2298 449 2363 ihs
471 2298 505 2363 in
527 2298 587 2384 spu
610 2297 687 2383 quid
709 2297 884 2383 cogitarent
905 2297 989 2364 intra
1011 2321 1045 2363 se
1067 2296 1158 2364 dixit.
1172 2298 1249 2385 quid
1265 2297 1409 2382 cogitatis
1424 2296 1458 2362 in
1473 2318 1536 2363 cor-

307 2400 399 2467 dibus
421 2401 544 2466 uestris.
582 2398 595 2438 ⁹
639 2398 726 2485 Quid
748 2410 796 2467 est
818 2399 944 2466 facilins
965 2400 1068 2466 dicere
1090 2399 1273 2486 paralytico.
1295 2423 1390 2485 surge
1411 2407 1444 2466 et
1460 2401 1541 2466 telle·

307 2505 472 2589 grabatum
495 2509 585 2568 tuum
609 2510 642 2570 et
663 2502 745 2568 uade
767 2503 801 2568 in
827 2504 956 2568 domum
984 2509 1072 2568 tuam
1106 2510 1161 2568 aut
1193 2502 1299 2568 dicere
1331 2503 1538 2570 dimittuntur

306 2607 367 2672 tibi
388 2612 517 2693 peccata
537 2613 602 2673 tua.
647 2604 675 2643 ¹⁰
718 2606 764 2672 Ut
785 2605 892 2672 sciatis
913 2610 1018 2671 antem
1043 2605 1119 2690 quia
1138 2611 1326 2692 potestatem
1341 2607 1436 2673 habet
1449 2606 1537 2672 filins

307 2708 448 2774 hominis
470 2709 504 2773 in
526 2717 610 2774 terra
632 2707 813 2774 dimittendi
836 2715 966 2794 peccata
986 2708 1032 2773 ait
1053 2708 1226 2795 paralytico
1239 2707 1264 2746 ¹¹
1276 2708 1336 2774 tibi
1348 2709 1427 2775 dieo.
1442 2732 1536 2794 surge
1647 2715 1658 2738 '

307 2811 383 2877 tolle
405 2813 569 2892 grabatum
591 2815 682 2875 tuum
706 2817 738 2876 et
759 2811 841 2876 uade
863 2809 897 2875 in
920 2811 1048 2876 domum
1071 2820 1168 2877 tuam.
1215 2809 1241 2847 ¹²
1284 2812 1347 2878 Ille
1369 2833 1446 2878 uero
1471 2835 1535 2878 sur

307 2936 383 2997 gens
406 2911 512 2979 statim
534 2913 656 2978 sublato
679 2915 808 2998 grabato
830 2936 887 2978 suo
910 2936 1014 2979 coram
1037 2913 1183 2979 omnibus
1205 2913 1284 2980 abiit
1304 2914 1351 2980 ita
1372 2922 1410 2980 ut
1434 2916 1533 2980 admi-

307 3022 431 3082 raretur
452 3039 561 3082 omnes
584 3024 615 3082 et
641 3015 884 3082 honorificarent
915 3016 968 3080 dm
1002 3015 1142 3083 dicentes
1176 3016 1325 3102 quoniam
1360 3041 1534 3105 numquam

306 3121 413 3186 taliter
433 3119 581 3185 uidimus.
629 3118 655 3157 ¹³
698 3120 743 3185 Elt
764 3118 844 3185 exiit
865 3117 918 3183 ihs
940 3120 1056 3184 iterum
1079 3119 1118 3184 ad
1140 3143 1227 3185 mare
1249 3127 1282 3186 et
1302 3120 1405 3186 omnis
1424 3121 1535 3186 turbae

305 3222 477 3288 ueniebant
499 3222 539 3287 ad
561 3223 602 3285 eu
625 3229 658 3288 et
679 3222 810 3288 docebat
831 3245 893 3288 eos.
941 3221 968 3259 ¹⁴
1009 3221 1150 3288 Etcum
1179 3221 1347 3307 preteriret
1374 3222 1457 3290 uidit
1488 3223 1532 3289 ia·

305 3323 461 3407 cobum(l)
486 3325 610 3411 alphaei
633 3325 795 3391 sedentem
818 3325 857 3390 ad
887 3326 1079 3390 theloneum.
1124 3325 1169 3390 Elt
1189 3324 1235 3391 ait
1256 3324 1304 3390 illi
1326 3348 1459 3410 sequere
1481 3350 1537 3393 me

306 3435 338 3494 et
360 3449 532 3511 exsurgens
555 3435 681 3493 secutus
703 3433 751 3494 est
773 3451 854 3493 eum.

391 3530 452 3598 VI.
499 3528 525 3568 ¹⁶
569 3531 613 3596 Elt
643 3529 761 3596 factum
796 3537 843 3596 est
878 3529 1136 3615 accumbentibus
1171 3530 1236 3595 illis
1271 3530 1306 3596 in
1338 3531 1430 3596 domo
1463 3531 1538 3598 eius-

304 3632 398 3699 multi
419 3632 581 3720 publicani
603 3637 636 3699 et
657 3637 835 3719 peccatores
857 3631 954 3698 simul
975 3633 1213 3716 recnnbebalnb
1232 3656 1303 3699 cum
1317 3632 1375 3698 ihu
1392 3640 1426 3700 et
1442 3635 1535 3701 disci·

305 3736 389 3823 pulis
411 3734 479 3800 eius
502 3741 592 3801 erant
614 3735 699 3801 enim
721 3734 814 3800 multi
836 3735 892 3821 qui
915 3742 947 3802 et
969 3734 1071 3801 secuti
1091 3741 1183 3801 erant
1204 3759 1286 3802 eum.
1300 3735 1459 3803 ¹⁸scribae
1481 3759 1533 3802 au·

305 3845 369 3904 tem
396 3846 428 3904 et
460 3838 618 3924 pharisaei
650 3838 799 3903 uiderunt
833 3839 908 3923 quia
941 3862 1012 3904 cum
1046 3837 1221 3924 publicanis
1253 3845 1286 3904 et
1317 3838 1538 3925 peccatoribus

305 3940 484 4006 manducat.
528 3942 572 4006 Elt
594 3941 740 4007 dicebant
761 3940 924 4027 discipulis
951 3942 1019 4008 eins
1054 3964 1151 4026 quare
1185 3965 1257 4007 cnm
1289 3942 1467 4028 publicanis
1500 3949 1533 4010 et

305 4043 519 4128 peccatoribus
541 4044 718 4109 manducat.
759 4042 786 4081 ¹⁷
828 4045 887 4108 Ihs
909 4052 1015 4110 antem
1031 4044 1091 4108 hoc
1106 4042 1213 4109 audito
1230 4044 1321 4116 dixit.
1340 4067 1404 4110 non
1420 4046 1532 4127 egenis

305 4145 375 4209 sani
397 4145 519 4211 medico
542 4146 596 4211 sed
619 4146 675 4230 qui
697 4147 780 4212 male
802 4147 921 4212 habent
940 4170 1004 4213 non
1029 4146 1115 4211 enim
1136 4168 1251 4212 uocare
1272 4147 1349 4213 ueni
1363 4147 1463 4215 iustos
1476 4148 1532 4214 sed

305 4253 491 4332 peccatores.
540 4246 566 4285 ¹⁸
609 4251 654 4315 Et
675 4257 765 4315 erant
787 4248 932 4335 discipuli
953 4248 1101 4314 iohannis
1122 4256 1155 4315 et
1176 4248 1334 4336 pharisaei
1355 4251 1535 4317 ieiunantes

305 4358 337 4415 et
359 4350 525 4416 uenientes
547 4357 579 4416 et
602 4351 752 4417 dixerunt
774 4351 821 4416 illi
843 4375 940 4437 qnare
962 4350 1111 4437 discipuli
1136 4351 1284 4418 iohannis
1317 4359 1349 4418 et
1381 4353 1530 4438 pharisaei

304 4450 457 4518 ieiunant.
504 4451 531 4491 ¹⁹
573 4452 635 4520 Ait
656 4453 720 4520 illis
740 4455 793 4519 ihs
814 4452 971 4538 numquid
996 4461 1128 4540 possunt
1157 4453 1216 4520 filii
1248 4455 1353 4542 sponsi
1387 4455 1531 4522 ieiunare

305 4553 457 4637 quamdiu
479 4577 610 4641 sponsus
633 4581 703 4622 cum
727 4556 791 4622 illis
813 4564 861 4622 est
873 4555 900 4594 2⁰
911 4557 967 4622 sed
999 4557 1133 4622 uenient
1164 4556 1233 4623 dies
1266 4581 1337 4624 cum
1369 4557 1534 4624 auferetur

305 4656 343 4720 ab
366 4655 412 4720 eis
436 4678 564 4732 sponsus
588 4667 620 4725 et
641 4667 717 4725 tune
744 4659 933 4725 ieiunabunt
959 4658 994 4724 in
1023 4659 1079 4724 illa
1109 4659 1169 4725 die,
1216 4659 1242 4697 ²¹
1286 4662 1390 4727 Nemo
1422 4667 1530 4727 autem
