3467 5192
316 259 360 322 74
753 256 788 319 (c.
810 255 839 320 7)
858 254 1040 321 euangelium
1058 270 1112 308 sec.

315 426 345 466 ⁴⁸
388 427 433 492 Et
455 425 500 490 ait
521 424 570 489 illi
596 425 659 490 ihs.
687 424 819 490 remissa
837 432 912 490 sunt
932 424 992 490 tibi
1013 430 1142 510 peecata
1157 431 1220 490 tua.
1254 422 1282 461 ⁴⁹
1315 425 1360 491 Et
1381 425 1437 510 qui
1451 425 1548 491 simul

316 528 566 606 recumbebant
586 532 758 613 coeperunt
779 526 884 592 dicere
905 526 990 592 intra
1011 550 1044 591 se
1067 527 1138 611 quis
1161 532 1208 592 est
1229 526 1282 590 hic
1297 527 1354 610 qui
1368 527 1463 593 etiarn
1479 551 1547 614 pec·

317 638 388 699 cata
409 628 551 695 remittit.
597 627 625 667 ⁵⁰
668 628 763 693 Dixit
785 636 891 694 autem
916 629 956 694 ad
977 629 1151 694 mulierem.
1179 629 1256 694 fides
1285 635 1341 694 tua
1369 635 1401 694 te
1423 631 1545 695 saluam

317 734 393 800 fecit
416 733 496 796 uode
518 730 551 795 in
574 753 659 817 pace.

402 835 485 898 XX.
509 839 546 915 (c.
571 835 605 915 8)
651 832 662 867 ¹
706 834 751 898 Et
772 831 891 897 factum
915 840 962 898 est
984 832 1132 919 deinceps
1154 840 1187 898 et
1215 833 1282 920 ipse
1317 833 1379 899 iter
1411 832 1564 898 faciebat-

316 961 374 1024 per
397 937 542 1002 ciuitates
565 941 597 1001 et
619 935 746 1000 castella
768 934 984 1021 praedicatum
1009 944 1041 1002 et
1073 935 1323 1020 euangeliaa(n)s
1350 959 1482 1020 regnum
1514 936 1547 1000 di

319 1049 351 1105 et
373 1038 537 1104 duodecim
561 1061 631 1102 cum
655 1037 710 1101 illo
724 1035 735 1072 ²
748 1042 780 1101 et
803 1037 950 1103 mulieres
976 1060 1058 1122 quae
1087 1045 1178 1103 erant
1208 1045 1336 1103 curatae
1365 1041 1403 1102 ab
1432 1037 1547 1123 spiriti-

319 1144 376 1208 bus
400 1139 547 1224 malignis
571 1148 602 1205 et
624 1139 860 1204 infirmitatibus
883 1137 984 1204 maria
1006 1162 1087 1223 quae
1105 1146 1236 1204 uocatur
1251 1141 1435 1225 magdalene
1451 1165 1470 1205 a
1485 1163 1548 1224 qua

318 1244 485 1310 daemonia
507 1242 650 1307 exierant
671 1246 802 1327 septem.
818 1241 876 1306 ³et
903 1241 1042 1306 iohanne
1075 1265 1156 1307 uxor
1189 1244 1304 1307 chusae
1336 1241 1546 1328 procuratoris

315 1345 445 1414 herodis
468 1352 500 1410 et
521 1367 658 1408 susanne
680 1350 712 1407 et
733 1343 814 1407 eliae
837 1344 957 1410 multae
980 1366 1061 1428 quae
1084 1344 1283 1411 ministrabat
1304 1344 1369 1409 illis
1391 1345 1431 1410 de
1453 1343 1548 1410 facul-

318 1450 437 1516 tatibus
461 1445 535 1511 suis.
581 1444 595 1481 ⁴
639 1444 721 1510 (lum
745 1447 934 1529 ergotnrba
958 1446 1158 1511 conuenisset
1176 1453 1208 1511 et
1224 1447 1263 1511 de
1281 1447 1464 1514 ciuitatibus
1493 1448 1545 1512 ad-

319 1553 444 1618 ueniret
467 1547 559 1612 multi
582 1547 664 1612 dixit
687 1549 763 1633 [per]
788 1547 1150 1614 similitudinem.⁵ecce
1173 1549 1254 1615 exiit
1276 1550 1332 1635 qui
1353 1549 1488 1614 seminat
1503 1573 1548 1616 se-

320 1653 441 1716 minare
464 1673 573 1715 semen
593 1673 688 1714 suum
711 1655 742 1714 et
765 1650 840 1714 dum
863 1650 1000 1716 seminat
1022 1651 1109 1715 aliud
1131 1651 1244 1717 cecidit
1273 1675 1364 1718 secus
1396 1651 1483 1717 niam
1516 1661 1549 1719 et

320 1754 538 1820 conculcatum
562 1758 664 1817 estet
686 1753 830 1817 uolucres
853 1751 933 1817 illud
956 1753 1169 1819 comederunt.
1185 1753 1241 1819 ⁶et
1262 1753 1348 1818 aliud
1371 1753 1485 1819 cecidit
1499 1776 1549 1819 su-

319 1861 518 1943 perpetrem
542 1861 573 1920 et
595 1854 672 1919 natl'l
696 1854 780 1919 aruit
802 1855 878 1938 quia
900 1878 963 1919 non
986 1855 1097 1920 habuit
1118 1856 1293 1920 humorem.
1309 1854 1321 1892 ⁷
1335 1861 1369 1920 et
1390 1855 1476 1920 aliud
1498 1880 1547 1923 ce-

319 1958 397 2025 cidit
429 1957 512 2022 inter
546 1957 652 2042 spinas
675 1962 707 2022 et
730 1956 824 2021 simul
847 1958 998 2022 exhortae
1021 1957 1128 2043 spinas
1150 1964 1182 2022 et
1203 1957 1437 2023 suffocauerunt
1465 1958 1546 2023 illut.

320 2059 378 2126 8et
400 2059 479 2123 aliut
501 2057 616 2123 oceidit
638 2058 672 2122 in
694 2065 810 2123 terram
839 2059 923 2123 bona
956 2065 989 2124 et
1022 2064 1167 2124 exortum
1197 2059 1273 2124 fecit
1305 2058 1443 2125 fructum
1477 2083 1547 2126 oen·

319 2162 454 2248 tuplum.
478 2162 556 2224 haec
579 2159 685 2225 dicens
708 2161 863 2225 clamabat
891 2160 945 2245 qui
973 2162 1070 2226 habet
1097 2184 1190 2226 aures
1223 2161 1372 2226 audiendi
1405 2161 1549 2228 audiat⁹

320 2266 595 2348 interrogauerunt
616 2269 722 2327 antem
745 2286 818 2326 eum
842 2262 989 2347 discipuli
1013 2287 1093 2346 quae
1116 2269 1198 2328 esset
1218 2265 1296 2328 haec
1318 2264 1474 2350 parabola.
1522 2262 1550 2301 ¹⁰

320 2367 446 2450 Quibus
469 2365 536 2451 ipse
559 2363 641 2428 dixit
668 2365 757 2429 uobis
787 2366 896 2429 datum
930 2371 978 2429 est
1009 2365 1089 2430 seire
1120 2365 1306 2450 mysterium
1339 2366 1380 2430 di.
1425 2364 1549 2431 Ceteris

322 2475 429 2534 autem
451 2467 485 2532 in
507 2465 663 2553 parabolis
686 2475 722 2531 nt
744 2466 891 2532 uidentes
913 2491 976 2531 non
999 2467 1129 2532 uideant
1150 2474 1183 2532 et
1197 2467 1362 2533 audientes
1377 2491 1441 2534 non
1455 2466 1547 2533 intel·

319 2572 428 2656 ligant.
476 2568 502 2604 ¹¹
545 2569 606 2634 Est
629 2575 733 2633 autern
760 2570 839 2634 haec
871 2570 1017 2654 parabola
1050 2593 1158 2635 semen
1190 2575 1239 2634 est
1270 2571 1402 2634 uerbum
1436 2570 1477 2634 di.
1524 2569 1550 2606 ¹²

321 2671 386 2758 Qui
409 2678 513 2736 autem
537 2694 626 2736 secus
649 2671 735 2734 uiam
757 2678 832 2736 sunt
852 2671 888 2734 hi
909 2679 984 2736 sunt
1006 2670 1061 2756 qui
1083 2671 1217 2736 audiunt
1239 2671 1331 2736 uenit
1353 2678 1459 2736 autern
1482 2671 1547 2737 dia·

318 2774 409 2839 bolus
432 2778 464 2837 ot
486 2770 570 2836 tollit
592 2772 631 2836 de
654 2774 746 2838 corde
769 2772 895 2838 illorum
920 2774 1053 2838 uerbum
1082 2797 1122 2838 ne
1152 2774 1315 2840 credentes
1343 2773 1424 2838 salui
1457 2776 1545 2839 fiant.

320 2875 432 2940 ¹³nam
455 2874 510 2959 qui
533 2897 626 2960 super
647 2880 739 2960 petra
760 2874 809 2938 hii
831 2881 905 2940 sunt
927 2875 983 2960 qui
1012 2898 1083 2940 cum
1113 2875 1299 2956 audieri(n)t
1328 2900 1400 2942 cum
1433 2876 1548 2961 gaudio

318 2978 481 3064 adcipiunt
504 2977 638 3043 uerbum
662 2983 694 3043 et
715 2978 751 3041 hi
772 2977 894 3042 radices
918 3000 982 3042 non
1015 2978 1133 3042 hebent
1167 2976 1222 3061 qui
1255 2978 1296 3042 ad
1326 2984 1451 3064 tempus
1485 3001 1548 3045 cre

319 3083 399 3146 dunt
421 3085 454 3144 et
475 3079 509 3143 in
541 3086 682 3165 tempore
710 3079 930 3161 temptationis
962 3079 1124 3145 recedunt.
1171 3076 1199 3115 ¹⁴
1243 3079 1338 3162 Quod
1373 3087 1480 3145 autem
1513 3079 1546 3144 in

316 3183 423 3269 spinas
445 3181 560 3247 cecidit
581 3180 615 3244 hi
637 3186 712 3246 sunt
733 3181 789 3266 qui
810 3180 981 3246 audierunt
1002 3186 1076 3256 eta
1097 3180 1362 3247 sollicitudinibus
1377 3188 1409 3247 et
1424 3181 1549 3248 diuitiis

316 3293 349 3349 et
381 3283 597 3368 uoluptatibus
628 3283 714 3348 uitae
748 3291 858 3349 euntes
890 3282 986 3348 simul
1018 3283 1212 3348 suffocantur
1245 3290 1277 3348 et
1313 3307 1377 3348 non
1408 3283 1550 3348 referunt

318 3385 464 3450 fructum.
479 3384 600 3469 ¹⁵quod
622 3391 728 3450 autern
751 3384 785 3450 in
807 3389 922 3450 terram
937 3386 1060 3450 bonam
1082 3385 1117 3450 hi
1146 3391 1221 3450 sunt
1249 3385 1304 3472 qui
1340 3386 1433 3451 corde
1465 3387 1548 3451 bono

318 3487 483 3553 audientes
504 3488 636 3552 uerbum
659 3486 825 3567 retinetn)t
840 3493 872 3552 et
887 3486 1024 3552 fructum
1043 3487 1213 3569 adferet(l)
1235 3511 1291 3573 per
1313 3487 1478 3573 patientia.
1524 3486 1551 3525 ¹⁶

317 3592 422 3655 Nemo
445 3595 549 3654 eutem
571 3590 732 3654 lucernam
755 3611 919 3655 accensam
942 3589 1045 3675 operit
1066 3612 1142 3654 uaso
1165 3596 1221 3656 aut
1242 3591 1300 3654 snb
1322 3591 1439 3655 lectum
1460 3589 1552 3675 ponit

318 3692 374 3756 sed
396 3691 485 3777 ponit
507 3715 575 3756 earn
599 3714 693 3777 super
721 3692 945 3758 candelabrum
972 3697 1009 3756 ut
1039 3690 1194 3756 intrantes
1227 3690 1359 3757 uideant
1389 3692 1508 3757 lumen.
1524 3690 1551 3730 ¹⁷

318 3817 381 3859 non
405 3794 491 3858 enim
513 3799 561 3858 est
583 3794 739 3858 occultum
755 3793 840 3878 quod
854 3817 918 3858 non
934 3792 1164 3859 manifestetur.
1185 3793 1256 3859 Nec
1273 3793 1501 3859 absconisisum
1515 3793 1551 3878 (l)

319 3901 524 3980 cognoscatur
557 3901 589 3960 et
621 3894 655 3959 in
688 3895 792 3980 palam
825 3894 945 3961 ueniat.
992 3892 1019 3931 ¹⁸
1062 3895 1180 3961 Uidete
1213 3895 1369 3981 quomodo
1406 3894 1551 3961 audiatis.

319 3996 386 4080 Qui
408 3996 494 4061 enim
514 3997 611 4062 habet
632 3997 757 4062 dabitur
779 3996 828 4061 illi
850 4004 884 4063 et
905 3996 1098 4082 quicumque
1121 4020 1185 4063 non
1207 3999 1304 4063 habet
1325 4002 1358 4063 et
1379 3997 1443 4063 iam
1466 3997 1550 4083 qnod

319 4104 410 4185 putet
432 4121 464 4164 se
488 4100 605 4165 habere
627 4099 788 4164 auferetur
810 4100 848 4164 ab
871 4100 936 4165 illo.
984 4098 1011 4137 ¹⁹
1054 4100 1222 4166 Uenerunt
1248 4105 1355 4166 autem
1388 4099 1428 4164 ad
1460 4098 1551 4164 illum

319 4207 419 4266 mater
441 4205 474 4265 et
495 4201 607 4266 fratres
629 4199 698 4266 eius
727 4207 759 4268 et
789 4225 853 4278 non
886 4207 1033 4287 poterant
1065 4200 1153 4266 adire
1186 4225 1259 4266 eum
1289 4225 1346 4287 pre
1378 4203 1480 4286 turba.
1525 4199 1553 4238 ²⁰

318 4301 515 4369 Nunciatum
537 4309 643 4368 autem
665 4311 714 4368 est
735 4303 783 4368 illi
807 4303 883 4389 quia
904 4311 1006 4368 mater
1027 4309 1084 4368 tua
1106 4311 1139 4368 et
1160 4302 1273 4368 fratres
1295 4303 1343 4369 tui
1365 4308 1451 4368 stant
1475 4301 1552 4368 foris

317 4405 461 4470 uolentes
482 4410 514 4469 te
537 4404 655 4471 uidere.
700 4404 726 4442 ²¹
773 4404 839 4490 Qui
861 4405 1024 4490 respondit
1046 4404 1128 4471 dixit
1149 4405 1190 4470 ad
1205 4410 1374 4471 coemeter
1389 4404 1549 4471 etfratres

318 4506 383 4572 mei
404 4506 439 4571 hi
461 4513 536 4572 sunt
558 4507 613 4592 qui
636 4508 767 4572 uerbum
792 4508 825 4572 di
848 4508 983 4573 audiunt
1004 4514 1036 4574 et
1059 4507 1191 4573 faciunt.
