3467 5192
320 284 365 348 84
754 281 791 345 (c.
814 281 858 345 13)
878 279 1058 346 euangelium
1077 294 1135 331 sec.

321 462 372 520 est
405 461 436 519 et
469 451 690 537 magnificabat
720 450 783 515 dm.
831 447 858 486 ¹⁴
907 450 1117 535 Respondens
1146 456 1254 516 autem
1287 448 1553 535 archisynagogus

324 555 495 641 indignans
517 555 602 640 quod
624 554 752 620 sabbato
775 562 916 618 curasset
938 551 991 616 ihs
1012 550 1135 619 dicebat
1157 555 1276 619 turbae.
1306 575 1363 618 sex
1393 551 1461 619 dies
1480 558 1555 618 sunt

324 661 358 725 in
382 659 496 744 quibus
519 664 643 744 oportet
665 655 787 742 operari
810 654 843 720 in
866 654 917 720 his
939 678 1014 740 ergo
1036 656 1145 721 uenite
1173 664 1206 721 et
1237 655 1392 722 curamini
1425 663 1458 721 et
1490 677 1553 720 non

322 762 375 828 die
398 758 529 828 sabbati.
563 757 606 797 ¹⁶'
633 758 842 844 Respondens
865 765 972 823 autem
995 757 1034 822 ad
1058 758 1147 823 illum
1171 758 1241 823 dms
1268 757 1359 825 dixit.
1388 756 1553 844 hypocrite

324 862 542 949 unusquisque
565 869 708 927 uestrum
729 861 858 925 sabbato
881 883 943 925 non
967 859 1064 925 soluit
1084 861 1167 926 boue
1189 883 1281 926 suum
1304 868 1359 927 aut
1387 859 1512 926 asinum
1534 884 1553 925 a

323 965 468 1056 presepio
491 973 524 1031 et
546 963 633 1045 ducit
655 961 944 1048 adaquare¹⁶han0
965 972 1072 1028 autem
1093 962 1189 1028 filiam
1213 962 1348 1029 abrahae
1364 986 1458 1048 quam
1474 963 1552 1028 adli·

321 1069 412 1152 gauit
433 1073 558 1133 satanas
580 1088 652 1132 ecoe
668 1067 802 1147 dece(m)
819 1072 850 1132 et
865 1072 936 1131 octo
951 1087 1051 1131 annos
1065 1088 1129 1132 non
1143 1066 1282 1151 oportuit
1295 1064 1377 1132 solui
1392 1089 1410 1130 a
1425 1065 1553 1133 uinculo

321 1173 384 1240 isto
407 1173 459 1238 die
480 1170 610 1237 sabbati.
658 1166 685 1207 ¹²
728 1169 866 1234 Etcum
890 1169 969 1232 haec
990 1167 1111 1234 diceret
1133 1169 1358 1234 erubescebant
1379 1167 1552 1234 aduersarii

322 1276 392 1342 eius
414 1282 447 1341 et
468 1274 571 1339 omnis
593 1272 728 1358 populus
749 1271 908 1356 gaudebat
930 1271 963 1336 in
986 1270 1135 1356 preclaris
1158 1293 1240 1355 quae
1263 1270 1415 1336 uidebant
1429 1269 1498 1335 fieri
1513 1272 1553 1335 ab

323 1379 401 1465 ipso.
447 1374 474 1414 ¹⁸
517 1373 655 1440 Dicebat
677 1398 750 1460 ergo
773 1372 825 1438 cui
848 1372 952 1438 simile
975 1379 1024 1438 est
1049 1396 1181 1458 regnum
1213 1373 1264 1438 dei
1298 1380 1331 1438 et
1363 1372 1416 1439 oui
1448 1372 1553 1438 simile

322 1481 402 1546 illud
424 1477 597 1544 aestimabo
610 1475 751 1542 ¹²simile
778 1482 826 1541 est
851 1499 950 1560 grano
982 1474 1109 1561 senapis
1142 1475 1226 1560 quod
1258 1475 1425 1562 adreptum
1459 1476 1553 1540 homo

323 1583 411 1648 misit
433 1582 467 1646 in
490 1579 614 1644 hortum
638 1602 730 1644 suum
753 1588 785 1644 et
808 1579 911 1644 creuit
933 1585 966 1644 et
987 1576 1071 1644 facta
1093 1584 1141 1643 est
1162 1578 1253 1643 arbor
1268 1588 1300 1644 et
1314 1579 1459 1644 uolucres
1473 1577 1553 1643 caeli

322 1685 551 1772 requieuerunt
573 1681 605 1746 in
628 1681 725 1746 ramis
748 1681 826 1746 eius.
872 1679 900 1718 ²⁰
942 1679 1123 1746 utiterum
1153 1680 1236 1745 dixit
1258 1682 1308 1745 cui
1330 1680 1436 1747 simile
1457 1680 1551 1744 aesti-

325 1785 464 1850 mabitur
487 1807 620 1870 reguum
649 1784 680 1848 di
694 1783 720 1821 ²¹
739 1783 842 1849 simile
877 1790 925 1848 est
957 1782 1113 1848 fermento
1136 1783 1219 1869 quod
1241 1784 1407 1868 adoeptum
1439 1783 1554 1848 mulier

322 1887 486 1954 abscondit
506 1887 540 1951 in
563 1885 697 1952 farinam
721 1886 821 1951 donec
842 1885 1069 1952 fermentatum
1092 1897 1140 1952 est
1162 1891 1283 1951 totum.⁴

410 1991 519 2056 XLV.
566 1988 593 2025 ²²
636 1989 681 2054 Et.
703 1989 769 2054 ibat
790 1988 842 2052 ihr
865 2012 922 2074 per
944 1987 1090 2055 ciuitates
1112 1993 1145 2052 et
1166 1989 1294 2053 castella
1316 1988 1430 2053 docens
1444 1997 1477 2054 et
1492 1988 1554 2053 iter

323 2093 444 2160 faciens
468 2092 500 2157 in
523 2091 724 2158 hierusalem.
770 2089 796 2128 ²³
840 2092 886 2155 Et
907 2089 954 2155 ait
974 2089 1022 2154 illi
1045 2090 1172 2174 quidam
1202 2092 1266 2154 dire
1296 2089 1322 2155 si
1353 2090 1447 2177 pauci
1479 2100 1553 2155 sunt

323 2195 381 2282 qui
405 2195 488 2260 salui
511 2197 589 2260 fiant
610 2193 678 2280 ipse
701 2200 808 2258 autem
831 2179 915 2258 dixit
945 2192 983 2256 ad
1017 2191 1097 2257 illos.
1143 2191 1170 2229 ²⁴
1213 2191 1405 2258 Contendite
1436 2192 1553 2258 intrare

258 2369 260 2374 ,
323 2321 380 2384 per
402 2304 570 2378 angustum
598 2296 782 2376 hostiumdl
802 2295 877 2380 quia
899 2294 969 2360 dico
996 2294 1086 2360 uobis
1108 2295 1202 2361 multi
1223 2302 1361 2379 querunt
1381 2293 1500 2361 intrare
1522 2304 1554 2362 et

325 2424 388 2465 non
410 2405 568 2486 poterunt.
582 2396 609 2437 ²⁶
620 2421 691 2463 cum
711 2409 815 2463 autem
834 2397 1004 2463 intrauerit
1015 2396 1242 2482 paterfamilias
1254 2406 1286 2462 et
1298 2396 1428 2463 cluserit
1437 2399 1552 2463 ostium

323 2513 357 2568 et
379 2502 539 2588 incipietis
561 2500 638 2567 foris
661 2509 742 2566 stare
766 2509 798 2564 et
819 2501 946 2585 pulsare
968 2500 1082 2564 catium
1108 2498 1249 2564 dicentes
1270 2499 1332 2565 dire
1355 2500 1441 2585 aperi
1464 2499 1554 2565 nobis

324 2621 357 2670 et
379 2605 597 2691 respoude(n)s
619 2603 726 2669 dicens
749 2603 854 2669 nescio
877 2625 934 2668 uos
955 2603 1040 2667 unde
1062 2601 1134 2667 sitis
1147 2601 1173 2639 ²⁶
1186 2610 1260 2667 tuuc
1274 2601 1435 2688 incipietis
1450 2603 1554 2668 dicere
1609 2640 1612 2648 ·

325 2707 565 2772 ruaducauimus
588 2729 689 2770 coram
713 2711 744 2771 te
767 2703 908 2770 uiuimus
930 2713 963 2771 et
984 2705 1017 2768 in
1041 2706 1157 2790 plateis
1171 2703 1288 2769 nostris
1304 2703 1448 2770 docuisti.
1461 2702 1488 2742 ²²
1498 2705 1554 2769 sed

324 2811 408 2876 dicet
431 2808 520 2873 uobis
543 2807 647 2873 nescio
671 2809 754 2872 unde
776 2806 846 2872 sitis
869 2808 979 2872 recede
1002 2831 1021 2871 a
1043 2831 1093 2872 nie
1115 2830 1224 2873 omnes
1246 2806 1383 2893 operarii
1405 2806 1553 2891 iniquita·

323 2914 373 2978 tis.
388 2910 415 2949 ²⁸
426 2911 470 2977 ibi
494 2910 554 2976 erit
575 2911 668 2975 fietus
689 2918 722 2975 et
744 2908 859 2976 stridor
881 2909 1023 2974 dentium
1051 2933 1121 2974 cum
1159 2909 1304 2975 uideritis
1337 2911 1487 2974 abraham
1521 2920 1553 2975 et

324 3017 389 3082 isac
411 3023 444 3080 et
465 3014 554 3080 iacob
577 3019 609 3079 et
634 3036 743 3079 omnes
764 3011 903 3098 profetas
925 3013 1122 3078 introeuntes
1145 3013 1177 3076 in
1201 3035 1331 3097 regnum
1356 3013 1387 3076 di
1417 3036 1474 3078 uos
1501 3037 1554 3078 au·

322 3131 386 3184 tem
410 3116 527 3204 expelli
553 3116 644 3182 foras.
691 3114 718 3153 ²²
761 3115 806 3180 Et
834 3115 966 3180 uenient
1000 3116 1039 3179 ab
1061 3113 1182 3180 oriente
1205 3124 1237 3179 et
1258 3114 1454 3180 occidentem
1464 3114 1500 3198 (l)
1522 3124 1554 3180 et

323 3220 471 3304 aquilone
494 3227 526 3284 et
548 3227 654 3284 austro
676 3227 709 3282 et
731 3219 918 3283 accumbent
945 3217 978 3281 in
1006 3240 1103 3302 regno
1139 3217 1180 3281 di.
1226 3215 1253 3254 ³⁰
1296 3218 1341 3281 Et
1374 3240 1447 3282 ecce
1479 3229 1555 3282 eunt

323 3320 489 3387 nouissimi
512 3321 566 3407 qui
590 3329 683 3386 erunt
706 3319 800 3407 primi
824 3329 857 3384 et
879 3327 953 3385 sunt
975 3319 1071 3406 primi
1093 3318 1148 3403 qui
1172 3327 1267 3384 erunt
1287 3318 1464 3386 nouissimi.

409 3424 539 3491 XLVI.
585 3422 610 3460 ³¹
655 3424 695 3486 In
719 3423 788 3508 ipsa
810 3422 861 3486 die
884 3422 1050 3488 adcesseril
1076 3421 1204 3508 quidam
1237 3420 1473 3507 pharisaeorum
1507 3423 1553 3488 di·

317 3536 433 3600 centes
456 3525 503 3591 illi
528 3525 579 3590 exi
603 3535 634 3590 et
656 3525 737 3590 uade
760 3525 836 3590 hino
859 3525 937 3609 quia
958 3525 1091 3590 herodes
1113 3529 1183 3589 uult
1205 3530 1237 3588 te
1259 3523 1409 3589 occidere.
1448 3522 1475 3561 ³²
1513 3525 1556 3589 lat

324 3631 370 3695 ait
391 3630 456 3694 illis
478 3628 522 3693 ite
546 3639 577 3694 et
599 3626 696 3692 dicite
719 3626 809 3714 uulpi
832 3627 878 3692 illi
901 3651 974 3692 ecce
998 3626 1078 3692 eicio
1100 3626 1247 3692 demonia
1269 3634 1301 3691 et
1322 3625 1473 3692 sanitates
1488 3650 1554 3713 per·

323 3731 394 3797 ficio
416 3731 510 3796 hodie
533 3742 566 3795 et
588 3753 656 3796 oras
679 3737 711 3795 et
733 3730 880 3814 sequenti
913 3729 1154 3794 consummabor
1166 3727 1194 3766 ³³
1204 3728 1250 3794 ite
1279 3727 1354 3814 quia
1379 3750 1443 3793 non
1471 3730 1555 3814 capit

323 3835 506 3920 prophetam
531 3832 634 3918 perire
660 3842 751 3897 extra
777 3832 978 3897 hierusalem.
996 3829 1225 3896 ³⁴hierusalem
1254 3831 1443 3895 hierusalem
1473 3853 1554 3915 quae

294 3963 297 3969 ’
324 3934 440 4001 occidis
462 3936 630 4021 prophetas
653 3942 686 3999 et
707 3933 828 4019 lapidas
852 3957 905 3999 eos
928 3934 983 4019 qui
1006 3933 1178 3999 mittuntur
1200 3933 1239 3997 ad
1261 3941 1304 3998 te.
1341 3931 1446 4018 Saepe
1469 3932 1554 3997 uolui

325 4060 513 4121 congregare
534 4036 615 4101 filios
637 4043 708 4101 tuos
731 4036 995 4120 quemadmodum
1018 4035 1139 4121 gallina
1160 4036 1263 4122 pullos
1292 4057 1364 4101 suos
1398 4036 1455 4100 sub
1489 4035 1554 4100 alas

324 4145 357 4205 et
376 4137 531 4205 noluistis.
578 4138 606 4178 ³⁵
650 4139 734 4205 Ecce
755 4138 956 4223 relinquetur
977 4137 1068 4203 uobis
1091 4138 1203 4203 domus
1224 4145 1332 4203 uestra
1361 4137 1431 4202 dico
1464 4136 1554 4202 uobis

325 4264 387 4306 non
410 4240 559 4307 uidebitis
583 4265 633 4306 me
656 4241 755 4306 donec
777 4241 918 4318 uenia(t)
942 4264 1016 4306 cum
1039 4239 1151 4305 dicetis
1174 4239 1359 4305 benedictus
1381 4239 1435 4325 qui
1464 4238 1555 4304 uenit

323 4342 359 4408 in
381 4343 511 4409 nomine
533 4343 608 4408 dni.

410 4446 558 4513 XLVII.
583 4450 620 4526 (c.
648 4448 699 4526 14)
744 4445 755 4480 ¹
803 4448 846 4511 Et
882 4445 1000 4510 facturn
1035 4454 1083 4510 est
1118 4454 1153 4509 ut
1185 4443 1320 4510 intraret
1355 4444 1390 4508 in
1426 4445 1555 4509 domum

325 4547 488 4613 cuiusdam
510 4548 661 4635 principis
684 4548 921 4634 pharisaeorum
944 4549 1073 4613 sabbato
1096 4548 1287 4612 manducare
1308 4570 1423 4633 panem
1447 4556 1480 4611 et
1493 4547 1555 4632 ipai

324 4652 533 4717 obseruabant
555 4675 637 4722 eum,
683 4650 696 4687 ²
738 4651 783 4716 Et
806 4674 877 4716 ecce
899 4652 994 4716 horno
1024 4649 1217 4736 hydropicus
1245 4658 1314 4714 erat
1346 4658 1420 4715 ante
1452 4647 1555 4712 illum.
