<?xml version="1.0" encoding="UTF-8"?>
<!DOCTYPE html PUBLIC "-//W3C//DTD XHTML 1.0 Transitional//EN"
    "http://www.w3.org/TR/xhtml1/DTD/xhtml1-transitional.dtd">
<html xmlns="http://www.w3.org/1999/xhtml" xml:lang="en" lang="en">
 <head>
  <title>
</title>
<meta http-equiv="Content-Type" content="text/html;charset=utf-8" />
  <meta name='ocr-system' content='tesseract 3.04.00' />
  <meta name='ocr-capabilities' content='ocr_page ocr_carea ocr_par ocr_line ocrx_word'/>
</head>
<body>
  <div class='ocr_page' id='page_1' title='image "./codexfcorbeiens00unkngoog_0025.png"; bbox 0 0 3467 5192; ppageno 0'>
   <div class='ocr_carea' id='block_1_1' title="bbox 687 280 1436 347">
    <p class='ocr_par' dir='ltr' id='par_1_1' title="bbox 687 280 1436 347">
     <span class='ocr_line' id='line_1_1' title="bbox 687 280 1436 347; baseline -0.001 -13"><span class='ocrx_word' id='word_1_1' title='bbox 687 285 826 334; x_wconf 86' lang='lat' dir='ltr'><strong>matteum</strong></span> <span class='ocrx_word' id='word_1_2' title='bbox 844 280 880 347; x_wconf 93' lang='lat' dir='ltr'><strong>(c.</strong></span> <span class='ocrx_word' id='word_1_3' title='bbox 901 285 957 346; x_wconf 82' lang='lat' dir='ltr'><strong>le).</strong></span> <span class='ocrx_word' id='word_1_4' title='bbox 1396 283 1436 346; x_wconf 85' lang='lat'><strong>13</strong></span> 
     </span>
    </p>
   </div>
   <div class='ocr_carea' id='block_1_2' title="bbox 211 450 1439 4734">
    <p class='ocr_par' dir='ltr' id='par_1_2' title="bbox 212 450 1436 1359">
     <span class='ocr_line' id='line_1_2' title="bbox 212 450 1433 541; baseline -0.002 -21"><span class='ocrx_word' id='word_1_5' title='bbox 212 459 294 520; x_wconf 87' lang='lat' dir='ltr'><strong>sunt.</strong></span> <span class='ocrx_word' id='word_1_6' title='bbox 319 451 346 492; x_wconf 69' lang='lat' dir='ltr'><strong>’l</strong></span> <span class='ocrx_word' id='word_1_7' title='bbox 368 453 459 519; x_wconf 82' lang='lat' dir='ltr'><strong>Tunc</strong></span> <span class='ocrx_word' id='word_1_8' title='bbox 481 451 672 541; x_wconf 87' lang='lat' dir='ltr'><strong>respondens</strong></span> <span class='ocrx_word' id='word_1_9' title='bbox 694 458 802 538; x_wconf 86' lang='lat' dir='ltr'><strong>petrus</strong></span> <span class='ocrx_word' id='word_1_10' title='bbox 825 450 907 517; x_wconf 86' lang='lat' dir='ltr'><strong>dixit</strong></span> <span class='ocrx_word' id='word_1_11' title='bbox 929 451 966 518; x_wconf 91' lang='lat' dir='ltr'><strong>ei.</strong></span> <span class='ocrx_word' id='word_1_12' title='bbox 992 474 1063 516; x_wconf 91' lang='lat' dir='ltr'><strong>ecce</strong></span> <span class='ocrx_word' id='word_1_13' title='bbox 1084 474 1142 517; x_wconf 88' lang='lat' dir='ltr'><strong>nos</strong></span> <span class='ocrx_word' id='word_1_14' title='bbox 1166 450 1352 538; x_wconf 81' lang='lat' dir='ltr'><strong>reliquimus</strong></span> <span class='ocrx_word' id='word_1_15' title='bbox 1370 475 1433 517; x_wconf 94' lang='lat' dir='ltr'><strong>om·</strong></span> 
     </span>
     <span class='ocr_line' id='line_1_3' title="bbox 212 551 1436 654; baseline 0.001 -35"><span class='ocrx_word' id='word_1_16' title='bbox 212 555 264 620; x_wconf 87' lang='lat' dir='ltr'><strong>nia</strong></span> <span class='ocrx_word' id='word_1_17' title='bbox 287 562 319 654; x_wconf 70' lang='lat' dir='ltr'><strong>et</strong></span> <span class='ocrx_word' id='word_1_18' title='bbox 339 555 440 622; x_wconf 85' lang='lat' dir='ltr'><strong>secuti</strong></span> <span class='ocrx_word' id='word_1_19' title='bbox 461 580 569 622; x_wconf 89' lang='lat' dir='ltr'><strong>sumus</strong></span> <span class='ocrx_word' id='word_1_20' title='bbox 591 562 635 621; x_wconf 87' lang='lat' dir='ltr'><strong>te.</strong></span> <span class='ocrx_word' id='word_1_21' title='bbox 656 554 732 640; x_wconf 90' lang='lat' dir='ltr'><strong>quid</strong></span> <span class='ocrx_word' id='word_1_22' title='bbox 756 577 828 639; x_wconf 85' lang='lat' dir='ltr'><strong>ergo</strong></span> <span class='ocrx_word' id='word_1_23' title='bbox 851 553 911 620; x_wconf 89' lang='lat' dir='ltr'><strong>erit</strong></span> <span class='ocrx_word' id='word_1_24' title='bbox 939 553 1039 620; x_wconf 86' lang='lat' dir='ltr'><strong>nobis.</strong></span> <span class='ocrx_word' id='word_1_25' title='bbox 1073 551 1101 590; x_wconf 76' lang='lat'><strong>²⁸</strong></span> <span class='ocrx_word' id='word_1_26' title='bbox 1133 554 1192 618; x_wconf 84' lang='lat' dir='ltr'><strong>Ihs</strong></span> <span class='ocrx_word' id='word_1_27' title='bbox 1225 560 1332 620; x_wconf 84' lang='lat' dir='ltr'><strong>autem</strong></span> <span class='ocrx_word' id='word_1_28' title='bbox 1353 554 1436 621; x_wconf 81' lang='lat' dir='ltr'>dixit</span> 
     </span>
     <span class='ocr_line' id='line_1_4' title="bbox 213 655 1434 742; baseline 0 -20"><span class='ocrx_word' id='word_1_29' title='bbox 213 658 285 724; x_wconf 89' lang='lat' dir='ltr'><strong>illis.</strong></span> <span class='ocrx_word' id='word_1_30' title='bbox 308 682 400 724; x_wconf 92' lang='lat' dir='ltr'><strong>amen</strong></span> <span class='ocrx_word' id='word_1_31' title='bbox 423 658 492 724; x_wconf 90' lang='lat' dir='ltr'><strong>dico</strong></span> <span class='ocrx_word' id='word_1_32' title='bbox 515 657 605 724; x_wconf 92' lang='lat' dir='ltr'><strong>uobis</strong></span> <span class='ocrx_word' id='word_1_33' title='bbox 627 657 710 742; x_wconf 89' lang='lat' dir='ltr'><strong>quod</strong></span> <span class='ocrx_word' id='word_1_34' title='bbox 733 679 789 721; x_wconf 92' lang='lat' dir='ltr'><strong>uos</strong></span> <span class='ocrx_word' id='word_1_35' title='bbox 819 657 872 741; x_wconf 93' lang='lat' dir='ltr'><strong>qui</strong></span> <span class='ocrx_word' id='word_1_36' title='bbox 904 656 1006 723; x_wconf 90' lang='lat' dir='ltr'><strong>secuti</strong></span> <span class='ocrx_word' id='word_1_37' title='bbox 1034 655 1110 722; x_wconf 87' lang='lat' dir='ltr'><strong>estis</strong></span> <span class='ocrx_word' id='word_1_38' title='bbox 1129 679 1180 721; x_wconf 92' lang='lat' dir='ltr'><strong>me</strong></span> <span class='ocrx_word' id='word_1_39' title='bbox 1208 657 1242 720; x_wconf 89' lang='lat' dir='ltr'><strong>in</strong></span> <span class='ocrx_word' id='word_1_40' title='bbox 1271 680 1434 742; x_wconf 80' lang='lat' dir='ltr'><strong>regenera-</strong></span> 
     </span>
     <span class='ocr_line' id='line_1_5' title="bbox 213 757 1435 827; baseline -0.002 -1"><span class='ocrx_word' id='word_1_41' title='bbox 213 759 299 826; x_wconf 85' lang='lat' dir='ltr'><strong>tione</strong></span> <span class='ocrx_word' id='word_1_42' title='bbox 323 783 393 826; x_wconf 88' lang='lat' dir='ltr'><strong>cum</strong></span> <span class='ocrx_word' id='word_1_43' title='bbox 416 761 533 827; x_wconf 88' lang='lat' dir='ltr'><strong>sederit</strong></span> <span class='ocrx_word' id='word_1_44' title='bbox 553 759 637 825; x_wconf 86' lang='lat' dir='ltr'><strong>filius</strong></span> <span class='ocrx_word' id='word_1_45' title='bbox 659 757 797 824; x_wconf 88' lang='lat' dir='ltr'><strong>hominis</strong></span> <span class='ocrx_word' id='word_1_46' title='bbox 825 758 857 823; x_wconf 90' lang='lat' dir='ltr'><strong>in</strong></span> <span class='ocrx_word' id='word_1_47' title='bbox 883 758 956 824; x_wconf 86' lang='lat' dir='ltr'><strong>sede</strong></span> <span class='ocrx_word' id='word_1_48' title='bbox 985 757 1157 824; x_wconf 87' lang='lat' dir='ltr'><strong>maiestatis</strong></span> <span class='ocrx_word' id='word_1_49' title='bbox 1183 783 1258 824; x_wconf 90' lang='lat' dir='ltr'><strong>suae</strong></span> <span class='ocrx_word' id='word_1_50' title='bbox 1287 759 1435 826; x_wconf 90' lang='lat' dir='ltr'><strong>sedebitis</strong></span> 
     </span>
     <span class='ocr_line' id='line_1_6' title="bbox 213 860 1433 949; baseline 0.002 -23"><span class='ocrx_word' id='word_1_51' title='bbox 213 868 245 928; x_wconf 88' lang='lat' dir='ltr'><strong>et</strong></span> <span class='ocrx_word' id='word_1_52' title='bbox 266 885 323 928; x_wconf 89' lang='lat' dir='ltr'><strong>uos</strong></span> <span class='ocrx_word' id='word_1_53' title='bbox 345 886 438 949; x_wconf 85' lang='lat' dir='ltr'><strong>super</strong></span> <span class='ocrx_word' id='word_1_54' title='bbox 460 863 549 929; x_wconf 86' lang='lat' dir='ltr'><strong>sedes</strong></span> <span class='ocrx_word' id='word_1_55' title='bbox 571 861 737 927; x_wconf 78' lang='lat' dir='ltr'>duodecim</span> <span class='ocrx_word' id='word_1_56' title='bbox 766 860 943 926; x_wconf 87' lang='lat' dir='ltr'><strong>iudicantes</strong></span> <span class='ocrx_word' id='word_1_57' title='bbox 974 861 1138 926; x_wconf 73' lang='lat' dir='ltr'><strong>duodecim</strong></span> <span class='ocrx_word' id='word_1_58' title='bbox 1167 862 1267 927; x_wconf 86' lang='lat' dir='ltr'><strong>tribus</strong></span> <span class='ocrx_word' id='word_1_59' title='bbox 1295 861 1433 928; x_wconf 87' lang='lat' dir='ltr'><strong>istrahel.</strong></span> 
     </span>
     <span class='ocr_line' id='line_1_7' title="bbox 213 963 1434 1052; baseline 0 -21"><span class='ocrx_word' id='word_1_60' title='bbox 213 963 241 1002; x_wconf 76' lang='lat'><strong>²⁹</strong></span> <span class='ocrx_word' id='word_1_61' title='bbox 263 967 306 1031; x_wconf 87' lang='lat' dir='ltr'><strong>Et</strong></span> <span class='ocrx_word' id='word_1_62' title='bbox 328 964 430 1030; x_wconf 90' lang='lat' dir='ltr'><strong>omnis</strong></span> <span class='ocrx_word' id='word_1_63' title='bbox 452 965 506 1050; x_wconf 92' lang='lat' dir='ltr'><strong>qui</strong></span> <span class='ocrx_word' id='word_1_64' title='bbox 528 963 691 1050; x_wconf 81' lang='lat' dir='ltr'><strong>reliquerit</strong></span> <span class='ocrx_word' id='word_1_65' title='bbox 706 964 832 1028; x_wconf 89' lang='lat' dir='ltr'><strong>domum</strong></span> <span class='ocrx_word' id='word_1_66' title='bbox 848 965 902 1028; x_wconf 90' lang='lat' dir='ltr'><strong>uel</strong></span> <span class='ocrx_word' id='word_1_67' title='bbox 916 963 1027 1029; x_wconf 78' lang='lat' dir='ltr'><strong>fratres</strong></span> <span class='ocrx_word' id='word_1_68' title='bbox 1041 969 1096 1028; x_wconf 91' lang='lat' dir='ltr'><strong>aut</strong></span> <span class='ocrx_word' id='word_1_69' title='bbox 1110 987 1229 1030; x_wconf 90' lang='lat' dir='ltr'><strong>sorores</strong></span> <span class='ocrx_word' id='word_1_70' title='bbox 1245 972 1300 1030; x_wconf 84' lang='lat' dir='ltr'><strong>eut</strong></span> <span class='ocrx_word' id='word_1_71' title='bbox 1313 971 1434 1052; x_wconf 85' lang='lat' dir='ltr'><strong>patrem</strong></span> 
     </span>
     <span class='ocr_line' id='line_1_8' title="bbox 213 1064 1434 1152; baseline 0 -20"><span class='ocrx_word' id='word_1_72' title='bbox 213 1075 268 1134; x_wconf 87' lang='lat' dir='ltr'><strong>aut</strong></span> <span class='ocrx_word' id='word_1_73' title='bbox 290 1077 421 1133; x_wconf 87' lang='lat' dir='ltr'><strong>matrem</strong></span> <span class='ocrx_word' id='word_1_74' title='bbox 451 1069 516 1150; x_wconf 90' lang='lat' dir='ltr'><strong>[aut</strong></span> <span class='ocrx_word' id='word_1_75' title='bbox 545 1066 686 1148; x_wconf 88' lang='lat' dir='ltr'><strong>uxorem]</strong></span> <span class='ocrx_word' id='word_1_76' title='bbox 722 1073 779 1130; x_wconf 90' lang='lat' dir='ltr'><strong>aut</strong></span> <span class='ocrx_word' id='word_1_77' title='bbox 812 1064 894 1131; x_wconf 84' lang='lat' dir='ltr'><strong>filios</strong></span> <span class='ocrx_word' id='word_1_78' title='bbox 926 1069 982 1131; x_wconf 88' lang='lat' dir='ltr'><strong>aut</strong></span> <span class='ocrx_word' id='word_1_79' title='bbox 1019 1089 1127 1150; x_wconf 82' lang='lat' dir='ltr'><strong>agrum</strong></span> <span class='ocrx_word' id='word_1_80' title='bbox 1161 1076 1288 1152; x_wconf 89' lang='lat' dir='ltr'><strong>propter</strong></span> <span class='ocrx_word' id='word_1_81' title='bbox 1319 1091 1434 1134; x_wconf 91' lang='lat' dir='ltr'><strong>nomen</strong></span> 
     </span>
     <span class='ocr_line' id='line_1_9' title="bbox 213 1167 1435 1256; baseline 0 -21"><span class='ocrx_word' id='word_1_82' title='bbox 213 1193 318 1235; x_wconf 89' lang='lat' dir='ltr'><strong>meum</strong></span> <span class='ocrx_word' id='word_1_83' title='bbox 341 1171 522 1256; x_wconf 86' lang='lat' dir='ltr'><strong>centuplum</strong></span> <span class='ocrx_word' id='word_1_84' title='bbox 545 1167 681 1256; x_wconf 82' lang='lat' dir='ltr'><strong>adcipiat</strong></span> <span class='ocrx_word' id='word_1_85' title='bbox 704 1177 736 1234; x_wconf 90' lang='lat' dir='ltr'><strong>et</strong></span> <span class='ocrx_word' id='word_1_86' title='bbox 757 1167 856 1233; x_wconf 87' lang='lat' dir='ltr'><strong>uitam</strong></span> <span class='ocrx_word' id='word_1_87' title='bbox 880 1173 1039 1234; x_wconf 87' lang='lat' dir='ltr'><strong>aeternam</strong></span> <span class='ocrx_word' id='word_1_88' title='bbox 1065 1167 1245 1254; x_wconf 84' lang='lat' dir='ltr'><strong>possidebit.</strong></span> <span class='ocrx_word' id='word_1_89' title='bbox 1280 1167 1308 1206; x_wconf 78' lang='lat'><strong>³⁰</strong></span> <span class='ocrx_word' id='word_1_90' title='bbox 1341 1169 1435 1236; x_wconf 85' lang='lat' dir='ltr'><strong>Multi</strong></span> 
     </span>
     <span class='ocr_line' id='line_1_10' title="bbox 212 1269 1084 1359; baseline -0.002 -22"><span class='ocrx_word' id='word_1_91' title='bbox 212 1278 318 1338; x_wconf 88' lang='lat' dir='ltr'><strong>autem</strong></span> <span class='ocrx_word' id='word_1_92' title='bbox 340 1280 415 1339; x_wconf 87' lang='lat' dir='ltr'><strong>sunt</strong></span> <span class='ocrx_word' id='word_1_93' title='bbox 436 1271 531 1359; x_wconf 90' lang='lat' dir='ltr'><strong>primi</strong></span> <span class='ocrx_word' id='word_1_94' title='bbox 552 1270 717 1336; x_wconf 87' lang='lat' dir='ltr'><strong>nouissimi</strong></span> <span class='ocrx_word' id='word_1_95' title='bbox 741 1276 773 1335; x_wconf 89' lang='lat' dir='ltr'><strong>et</strong></span> <span class='ocrx_word' id='word_1_96' title='bbox 794 1269 960 1335; x_wconf 85' lang='lat' dir='ltr'><strong>nouissimi</strong></span> <span class='ocrx_word' id='word_1_97' title='bbox 982 1269 1084 1356; x_wconf 88' lang='lat' dir='ltr'><strong>primi.</strong></span> 
     </span>
    </p>

    <p class='ocr_par' dir='ltr' id='par_1_3' title="bbox 211 1371 1438 3814">
     <span class='ocr_line' id='line_1_11' title="bbox 297 1371 1432 1461; baseline -0.001 -21"><span class='ocrx_word' id='word_1_98' title='bbox 297 1375 407 1442; x_wconf 86' lang='lat' dir='ltr'>LVII.</span> <span class='ocrx_word' id='word_1_99' title='bbox 430 1376 467 1454; x_wconf 89' lang='lat' dir='ltr'><strong>(c.</strong></span> <span class='ocrx_word' id='word_1_100' title='bbox 492 1376 546 1453; x_wconf 78' lang='lat'><strong>20)</strong></span> <span class='ocrx_word' id='word_1_101' title='bbox 569 1373 580 1410; x_wconf 88' lang='lat'>¹</span> <span class='ocrx_word' id='word_1_102' title='bbox 603 1373 716 1439; x_wconf 85' lang='lat' dir='ltr'><strong>Simile</strong></span> <span class='ocrx_word' id='word_1_103' title='bbox 740 1380 787 1438; x_wconf 86' lang='lat' dir='ltr'><strong>est</strong></span> <span class='ocrx_word' id='word_1_104' title='bbox 808 1371 894 1437; x_wconf 90' lang='lat' dir='ltr'><strong>enim</strong></span> <span class='ocrx_word' id='word_1_105' title='bbox 919 1395 1051 1458; x_wconf 87' lang='lat' dir='ltr'><strong>regnum</strong></span> <span class='ocrx_word' id='word_1_106' title='bbox 1075 1373 1233 1438; x_wconf 89' lang='lat' dir='ltr'><strong>caelorum</strong></span> <span class='ocrx_word' id='word_1_107' title='bbox 1244 1373 1365 1439; x_wconf 89' lang='lat' dir='ltr'><strong>homini</strong></span> <span class='ocrx_word' id='word_1_108' title='bbox 1380 1399 1432 1461; x_wconf 92' lang='lat' dir='ltr'><strong>pa·</strong></span> 
     </span>
     <span class='ocr_line' id='line_1_12' title="bbox 212 1474 1434 1562; baseline 0 -19"><span class='ocrx_word' id='word_1_109' title='bbox 212 1476 393 1544; x_wconf 83' lang='lat' dir='ltr'><strong>trifamilias</strong></span> <span class='ocrx_word' id='word_1_110' title='bbox 415 1476 470 1562; x_wconf 90' lang='lat' dir='ltr'><strong>qui</strong></span> <span class='ocrx_word' id='word_1_111' title='bbox 493 1474 595 1542; x_wconf 91' lang='lat' dir='ltr'><strong>exiuit</strong></span> <span class='ocrx_word' id='word_1_112' title='bbox 616 1475 717 1562; x_wconf 89' lang='lat' dir='ltr'><strong>primo</strong></span> <span class='ocrx_word' id='word_1_113' title='bbox 742 1497 832 1540; x_wconf 89' lang='lat' dir='ltr'><strong>mane</strong></span> <span class='ocrx_word' id='word_1_114' title='bbox 856 1475 1028 1540; x_wconf 80' lang='lat' dir='ltr'><strong>conducere</strong></span> <span class='ocrx_word' id='word_1_115' title='bbox 1057 1474 1214 1562; x_wconf 83' lang='lat' dir='ltr'><strong>operarios</strong></span> <span class='ocrx_word' id='word_1_116' title='bbox 1242 1475 1276 1540; x_wconf 92' lang='lat' dir='ltr'><strong>iu</strong></span> <span class='ocrx_word' id='word_1_117' title='bbox 1309 1477 1434 1543; x_wconf 86' lang='lat' dir='ltr'><strong>uineam</strong></span> 
     </span>
     <span class='ocr_line' id='line_1_13' title="bbox 212 1576 1435 1664; baseline -0.001 -18"><span class='ocrx_word' id='word_1_118' title='bbox 212 1605 311 1646; x_wconf 88' lang='lat' dir='ltr'><strong>suam.</strong></span> <span class='ocrx_word' id='word_1_119' title='bbox 336 1578 348 1616; x_wconf 79' lang='lat'><strong>²</strong></span> <span class='ocrx_word' id='word_1_120' title='bbox 371 1577 591 1644; x_wconf 82' lang='lat' dir='ltr'><strong>Oonuentione</strong></span> <span class='ocrx_word' id='word_1_121' title='bbox 614 1585 720 1642; x_wconf 87' lang='lat' dir='ltr'><strong>autem</strong></span> <span class='ocrx_word' id='word_1_122' title='bbox 744 1577 919 1642; x_wconf 81' lang='lat' dir='ltr'><strong>saetacum</strong></span> <span class='ocrx_word' id='word_1_123' title='bbox 942 1576 1094 1664; x_wconf 90' lang='lat' dir='ltr'><strong>operariis</strong></span> <span class='ocrx_word' id='word_1_124' title='bbox 1116 1602 1156 1642; x_wconf 87' lang='lat' dir='ltr'><strong>ex</strong></span> <span class='ocrx_word' id='word_1_125' title='bbox 1178 1576 1300 1644; x_wconf 84' lang='lat' dir='ltr'><strong>dinario</strong></span> <span class='ocrx_word' id='word_1_126' title='bbox 1322 1579 1435 1645; x_wconf 90' lang='lat' dir='ltr'><strong>diurno</strong></span> 
     </span>
     <span class='ocr_line' id='line_1_14' title="bbox 213 1677 1434 1765; baseline -0.001 -17"><span class='ocrx_word' id='word_1_127' title='bbox 213 1681 300 1751; x_wconf 82' lang='lat' dir='ltr'><strong>misit</strong></span> <span class='ocrx_word' id='word_1_128' title='bbox 322 1705 373 1748; x_wconf 90' lang='lat' dir='ltr'><strong>eos</strong></span> <span class='ocrx_word' id='word_1_129' title='bbox 396 1680 429 1745; x_wconf 93' lang='lat' dir='ltr'><strong>in</strong></span> <span class='ocrx_word' id='word_1_130' title='bbox 452 1680 578 1746; x_wconf 85' lang='lat' dir='ltr'><strong>uincam</strong></span> <span class='ocrx_word' id='word_1_131' title='bbox 602 1703 700 1745; x_wconf 86' lang='lat' dir='ltr'><strong>suam.</strong></span> <span class='ocrx_word' id='word_1_132' title='bbox 728 1677 740 1716; x_wconf 78' lang='lat'>³</span> <span class='ocrx_word' id='word_1_133' title='bbox 768 1680 923 1765; x_wconf 84' lang='lat' dir='ltr'><strong>Egressus</strong></span> <span class='ocrx_word' id='word_1_134' title='bbox 954 1688 1059 1744; x_wconf 84' lang='lat' dir='ltr'><strong>autem</strong></span> <span class='ocrx_word' id='word_1_135' title='bbox 1089 1679 1171 1745; x_wconf 89' lang='lat' dir='ltr'><strong>circa</strong></span> <span class='ocrx_word' id='word_1_136' title='bbox 1199 1681 1277 1745; x_wconf 80' lang='lat' dir='ltr'><strong>hora</strong></span> <span class='ocrx_word' id='word_1_137' title='bbox 1310 1682 1434 1748; x_wconf 83' lang='lat' dir='ltr'><strong>tertiam</strong></span> 
     </span>
     <span class='ocr_line' id='line_1_15' title="bbox 213 1779 1434 1850; baseline 0 0"><span class='ocrx_word' id='word_1_138' title='bbox 213 1783 338 1850; x_wconf 88' lang='lat' dir='ltr'><strong>inuenit</strong></span> <span class='ocrx_word' id='word_1_139' title='bbox 359 1783 435 1849; x_wconf 86' lang='lat' dir='ltr'><strong>alios</strong></span> <span class='ocrx_word' id='word_1_140' title='bbox 458 1791 576 1848; x_wconf 86' lang='lat' dir='ltr'><strong>stantes</strong></span> <span class='ocrx_word' id='word_1_141' title='bbox 597 1781 630 1846; x_wconf 94' lang='lat' dir='ltr'><strong>in</strong></span> <span class='ocrx_word' id='word_1_142' title='bbox 653 1781 720 1848; x_wconf 88' lang='lat' dir='ltr'><strong>foro</strong></span> <span class='ocrx_word' id='word_1_143' title='bbox 743 1779 927 1847; x_wconf 77' lang='lat' dir='ltr'><strong>otios0s⁴et</strong></span> <span class='ocrx_word' id='word_1_144' title='bbox 949 1781 1031 1846; x_wconf 88' lang='lat' dir='ltr'><strong>dixit</strong></span> <span class='ocrx_word' id='word_1_145' title='bbox 1051 1781 1124 1847; x_wconf 88' lang='lat' dir='ltr'><strong>illis.</strong></span> <span class='ocrx_word' id='word_1_146' title='bbox 1147 1781 1192 1847; x_wconf 92' lang='lat' dir='ltr'><strong>ite</strong></span> <span class='ocrx_word' id='word_1_147' title='bbox 1215 1792 1247 1847; x_wconf 91' lang='lat' dir='ltr'><strong>et</strong></span> <span class='ocrx_word' id='word_1_148' title='bbox 1269 1784 1369 1849; x_wconf 84' lang='lat' dir='ltr'><strong>uosin</strong></span> <span class='ocrx_word' id='word_1_149' title='bbox 1387 1785 1434 1850; x_wconf 90' lang='lat' dir='ltr'><strong>ui·</strong></span> 
     </span>
     <span class='ocr_line' id='line_1_16' title="bbox 212 1882 1435 1972; baseline -0.002 -19"><span class='ocrx_word' id='word_1_150' title='bbox 212 1911 305 1954; x_wconf 90' lang='lat' dir='ltr'><strong>neam</strong></span> <span class='ocrx_word' id='word_1_151' title='bbox 327 1894 485 1952; x_wconf 88' lang='lat' dir='ltr'><strong>meamet</strong></span> <span class='ocrx_word' id='word_1_152' title='bbox 512 1885 597 1972; x_wconf 92' lang='lat' dir='ltr'><strong>quod</strong></span> <span class='ocrx_word' id='word_1_153' title='bbox 623 1885 743 1949; x_wconf 82' lang='lat' dir='ltr'><strong>iustum</strong></span> <span class='ocrx_word' id='word_1_154' title='bbox 774 1882 872 1950; x_wconf 86' lang='lat' dir='ltr'><strong>fuerit</strong></span> <span class='ocrx_word' id='word_1_155' title='bbox 898 1884 977 1949; x_wconf 88' lang='lat' dir='ltr'><strong>dabo</strong></span> <span class='ocrx_word' id='word_1_156' title='bbox 1007 1884 1096 1950; x_wconf 90' lang='lat' dir='ltr'><strong>uobis</strong></span> <span class='ocrx_word' id='word_1_157' title='bbox 1112 1883 1126 1923; x_wconf 71' lang='lat'><strong>⁵</strong></span> <span class='ocrx_word' id='word_1_158' title='bbox 1141 1884 1188 1949; x_wconf 89' lang='lat' dir='ltr'><strong>illi</strong></span> <span class='ocrx_word' id='word_1_159' title='bbox 1217 1892 1323 1952; x_wconf 86' lang='lat' dir='ltr'><strong>autem</strong></span> <span class='ocrx_word' id='word_1_160' title='bbox 1353 1887 1435 1952; x_wconf 92' lang='lat' dir='ltr'><strong>abie-</strong></span> 
     </span>
     <span class='ocr_line' id='line_1_17' title="bbox 212 1986 1436 2056; baseline -0.001 -1"><span class='ocrx_word' id='word_1_161' title='bbox 212 1997 294 2056; x_wconf 87' lang='lat' dir='ltr'><strong>runt.</strong></span> <span class='ocrx_word' id='word_1_162' title='bbox 339 1990 459 2054; x_wconf 89' lang='lat' dir='ltr'><strong>Iterum</strong></span> <span class='ocrx_word' id='word_1_163' title='bbox 483 1987 562 2052; x_wconf 88' lang='lat' dir='ltr'><strong>exiit</strong></span> <span class='ocrx_word' id='word_1_164' title='bbox 584 1986 665 2052; x_wconf 89' lang='lat' dir='ltr'><strong>circa</strong></span> <span class='ocrx_word' id='word_1_165' title='bbox 687 1990 781 2052; x_wconf 67' lang='lat' dir='ltr'><strong>sexta</strong></span> <span class='ocrx_word' id='word_1_166' title='bbox 804 1994 835 2051; x_wconf 89' lang='lat' dir='ltr'><strong>et</strong></span> <span class='ocrx_word' id='word_1_167' title='bbox 856 1990 942 2051; x_wconf 71' lang='lat' dir='ltr'><strong>nona</strong></span> <span class='ocrx_word' id='word_1_168' title='bbox 965 1988 1073 2051; x_wconf 89' lang='lat' dir='ltr'><strong>horam</strong></span> <span class='ocrx_word' id='word_1_169' title='bbox 1096 1996 1128 2052; x_wconf 89' lang='lat' dir='ltr'><strong>et</strong></span> <span class='ocrx_word' id='word_1_170' title='bbox 1150 1986 1225 2054; x_wconf 83' lang='lat' dir='ltr'><strong>fecit</strong></span> <span class='ocrx_word' id='word_1_171' title='bbox 1244 1988 1397 2054; x_wconf 90' lang='lat' dir='ltr'><strong>similiter.</strong></span> <span class='ocrx_word' id='word_1_172' title='bbox 1423 1988 1436 2028; x_wconf 77' lang='lat'><strong>⁸</strong></span> 
     </span>
     <span class='ocr_line' id='line_1_18' title="bbox 212 2087 1438 2160; baseline 0 -1"><span class='ocrx_word' id='word_1_173' title='bbox 212 2093 306 2160; x_wconf 76' lang='lat' dir='ltr'><strong>Circa</strong></span> <span class='ocrx_word' id='word_1_174' title='bbox 328 2098 433 2157; x_wconf 85' lang='lat' dir='ltr'><strong>autem</strong></span> <span class='ocrx_word' id='word_1_175' title='bbox 456 2088 626 2156; x_wconf 68' lang='lat' dir='ltr'><strong>undecima</strong></span> <span class='ocrx_word' id='word_1_176' title='bbox 648 2112 724 2154; x_wconf 89' lang='lat' dir='ltr'><strong>uero</strong></span> <span class='ocrx_word' id='word_1_177' title='bbox 747 2087 827 2155; x_wconf 89' lang='lat' dir='ltr'><strong>exiit</strong></span> <span class='ocrx_word' id='word_1_178' title='bbox 848 2097 880 2153; x_wconf 91' lang='lat' dir='ltr'><strong>et</strong></span> <span class='ocrx_word' id='word_1_179' title='bbox 901 2089 1028 2154; x_wconf 88' lang='lat' dir='ltr'><strong>inuenit</strong></span> <span class='ocrx_word' id='word_1_180' title='bbox 1049 2089 1127 2154; x_wconf 87' lang='lat' dir='ltr'><strong>alios</strong></span> <span class='ocrx_word' id='word_1_181' title='bbox 1156 2097 1274 2156; x_wconf 83' lang='lat' dir='ltr'><strong>stantes</strong></span> <span class='ocrx_word' id='word_1_182' title='bbox 1301 2098 1332 2157; x_wconf 91' lang='lat' dir='ltr'><strong>et</strong></span> <span class='ocrx_word' id='word_1_183' title='bbox 1360 2092 1438 2159; x_wconf 87' lang='lat' dir='ltr'><strong>dicit</strong></span> 
     </span>
     <span class='ocr_line' id='line_1_19' title="bbox 217 2190 1438 2280; baseline -0.002 -20"><span class='ocrx_word' id='word_1_184' title='bbox 217 2195 292 2261; x_wconf 89' lang='lat' dir='ltr'><strong>illis.</strong></span> <span class='ocrx_word' id='word_1_185' title='bbox 316 2193 392 2280; x_wconf 91' lang='lat' dir='ltr'><strong>quid</strong></span> <span class='ocrx_word' id='word_1_186' title='bbox 415 2193 468 2258; x_wconf 92' lang='lat' dir='ltr'><strong>hic</strong></span> <span class='ocrx_word' id='word_1_187' title='bbox 488 2191 579 2257; x_wconf 87' lang='lat' dir='ltr'><strong>statis</strong></span> <span class='ocrx_word' id='word_1_188' title='bbox 601 2195 666 2256; x_wconf 80' lang='lat' dir='ltr'><strong>tota</strong></span> <span class='ocrx_word' id='word_1_189' title='bbox 688 2191 740 2256; x_wconf 91' lang='lat' dir='ltr'><strong>die</strong></span> <span class='ocrx_word' id='word_1_190' title='bbox 762 2191 863 2256; x_wconf 91' lang='lat' dir='ltr'><strong>otiosi.</strong></span> <span class='ocrx_word' id='word_1_191' title='bbox 879 2190 1011 2256; x_wconf 81' lang='lat' dir='ltr'><strong>⁷dicunt</strong></span> <span class='ocrx_word' id='word_1_192' title='bbox 1033 2191 1062 2256; x_wconf 91' lang='lat' dir='ltr'><strong>ei</strong></span> <span class='ocrx_word' id='word_1_193' title='bbox 1085 2191 1160 2276; x_wconf 88' lang='lat' dir='ltr'><strong>quia</strong></span> <span class='ocrx_word' id='word_1_194' title='bbox 1176 2216 1269 2258; x_wconf 89' lang='lat' dir='ltr'><strong>nemo</strong></span> <span class='ocrx_word' id='word_1_195' title='bbox 1294 2217 1351 2259; x_wconf 86' lang='lat' dir='ltr'><strong>nos</strong></span> <span class='ocrx_word' id='word_1_196' title='bbox 1369 2217 1438 2260; x_wconf 94' lang='lat' dir='ltr'><strong>con-</strong></span> 
     </span>
     <span class='ocr_line' id='line_1_20' title="bbox 218 2288 1436 2364; baseline -0.001 -2"><span class='ocrx_word' id='word_1_197' title='bbox 218 2297 320 2364; x_wconf 87' lang='lat' dir='ltr'><strong>duxit.</strong></span> <span class='ocrx_word' id='word_1_198' title='bbox 343 2296 427 2361; x_wconf 90' lang='lat' dir='ltr'><strong>dicet</strong></span> <span class='ocrx_word' id='word_1_199' title='bbox 456 2294 529 2360; x_wconf 88' lang='lat' dir='ltr'><strong>illis.</strong></span> <span class='ocrx_word' id='word_1_200' title='bbox 559 2295 602 2359; x_wconf 87' lang='lat' dir='ltr'><strong>ite</strong></span> <span class='ocrx_word' id='word_1_201' title='bbox 631 2288 666 2359; x_wconf 34' lang='lat' dir='ltr'><strong>et*</strong></span> <span class='ocrx_word' id='word_1_202' title='bbox 690 2316 747 2358; x_wconf 91' lang='lat' dir='ltr'><strong>uos</strong></span> <span class='ocrx_word' id='word_1_203' title='bbox 769 2293 801 2358; x_wconf 91' lang='lat' dir='ltr'><strong>in</strong></span> <span class='ocrx_word' id='word_1_204' title='bbox 825 2293 953 2358; x_wconf 89' lang='lat' dir='ltr'><strong>uineam</strong></span> <span class='ocrx_word' id='word_1_205' title='bbox 976 2317 1086 2359; x_wconf 90' lang='lat' dir='ltr'><strong>meam.</strong></span> <span class='ocrx_word' id='word_1_206' title='bbox 1101 2291 1196 2360; x_wconf 80' lang='lat' dir='ltr'><strong>8cum</strong></span> <span class='ocrx_word' id='word_1_207' title='bbox 1228 2317 1296 2360; x_wconf 86' lang='lat' dir='ltr'><strong>sero</strong></span> <span class='ocrx_word' id='word_1_208' title='bbox 1329 2304 1436 2361; x_wconf 89' lang='lat' dir='ltr'><strong>autem</strong></span> 
     </span>
     <span class='ocr_line' id='line_1_21' title="bbox 212 2395 1437 2482; baseline 0 -17"><span class='ocrx_word' id='word_1_209' title='bbox 212 2400 300 2466; x_wconf 79' lang='lat' dir='ltr'><strong>factd</strong></span> <span class='ocrx_word' id='word_1_210' title='bbox 325 2405 408 2464; x_wconf 85' lang='lat' dir='ltr'><strong>esset</strong></span> <span class='ocrx_word' id='word_1_211' title='bbox 430 2398 507 2462; x_wconf 89' lang='lat' dir='ltr'><strong>dicit</strong></span> <span class='ocrx_word' id='word_1_212' title='bbox 533 2397 621 2463; x_wconf 78' lang='lat' dir='ltr'><strong>doffis</strong></span> <span class='ocrx_word' id='word_1_213' title='bbox 643 2396 756 2461; x_wconf 86' lang='lat' dir='ltr'><strong>uineae</strong></span> <span class='ocrx_word' id='word_1_214' title='bbox 789 2395 982 2482; x_wconf 78' lang='lat' dir='ltr'><strong>procuratori</strong></span> <span class='ocrx_word' id='word_1_215' title='bbox 1008 2419 1074 2461; x_wconf 88' lang='lat' dir='ltr'><strong>sue.</strong></span> <span class='ocrx_word' id='word_1_216' title='bbox 1103 2419 1181 2462; x_wconf 87' lang='lat' dir='ltr'><strong>uoca</strong></span> <span class='ocrx_word' id='word_1_217' title='bbox 1212 2397 1372 2482; x_wconf 88' lang='lat' dir='ltr'><strong>operarios</strong></span> <span class='ocrx_word' id='word_1_218' title='bbox 1405 2406 1437 2465; x_wconf 89' lang='lat' dir='ltr'><strong>et</strong></span> 
     </span>
     <span class='ocr_line' id='line_1_22' title="bbox 216 2497 1437 2586; baseline -0.002 -18"><span class='ocrx_word' id='word_1_219' title='bbox 216 2503 311 2568; x_wconf 86' lang='lat' dir='ltr'><strong>redde</strong></span> <span class='ocrx_word' id='word_1_220' title='bbox 334 2500 396 2566; x_wconf 86' lang='lat' dir='ltr'><strong>illis</strong></span> <span class='ocrx_word' id='word_1_221' title='bbox 421 2499 595 2564; x_wconf 87' lang='lat' dir='ltr'><strong>mercedem</strong></span> <span class='ocrx_word' id='word_1_222' title='bbox 619 2497 773 2585; x_wconf 90' lang='lat' dir='ltr'><strong>incipiens</strong></span> <span class='ocrx_word' id='word_1_223' title='bbox 796 2523 813 2562; x_wconf 87' lang='lat' dir='ltr'><strong>a</strong></span> <span class='ocrx_word' id='word_1_224' title='bbox 833 2497 1060 2582; x_wconf 70' lang='lat' dir='ltr'><strong>nouissimosll)</strong></span> <span class='ocrx_word' id='word_1_225' title='bbox 1081 2521 1180 2583; x_wconf 90' lang='lat' dir='ltr'><strong>usque</strong></span> <span class='ocrx_word' id='word_1_226' title='bbox 1206 2499 1245 2563; x_wconf 92' lang='lat' dir='ltr'><strong>ad</strong></span> <span class='ocrx_word' id='word_1_227' title='bbox 1262 2499 1388 2586; x_wconf 87' lang='lat' dir='ltr'><strong>primos.</strong></span> <span class='ocrx_word' id='word_1_228' title='bbox 1424 2499 1437 2539; x_wconf 80' lang='lat'>⁹</span> 
     </span>
     <span class='ocr_line' id='line_1_23' title="bbox 213 2600 1435 2687; baseline -0.001 -17"><span class='ocrx_word' id='word_1_229' title='bbox 213 2604 296 2670; x_wconf 76' lang='lat' dir='ltr'><strong>(lum</strong></span> <span class='ocrx_word' id='word_1_230' title='bbox 322 2603 510 2685; x_wconf 79' lang='lat' dir='ltr'><strong>uenisse[n]t</strong></span> <span class='ocrx_word' id='word_1_231' title='bbox 532 2625 605 2686; x_wconf 87' lang='lat' dir='ltr'><strong>ergo</strong></span> <span class='ocrx_word' id='word_1_232' title='bbox 629 2601 684 2687; x_wconf 91' lang='lat' dir='ltr'><strong>qui</strong></span> <span class='ocrx_word' id='word_1_233' title='bbox 708 2601 791 2666; x_wconf 88' lang='lat' dir='ltr'><strong>circa</strong></span> <span class='ocrx_word' id='word_1_234' title='bbox 813 2600 1013 2665; x_wconf 85' lang='lat' dir='ltr'><strong>undecimam</strong></span> <span class='ocrx_word' id='word_1_235' title='bbox 1035 2602 1143 2666; x_wconf 89' lang='lat' dir='ltr'><strong>horam</strong></span> <span class='ocrx_word' id='word_1_236' title='bbox 1167 2610 1318 2668; x_wconf 88' lang='lat' dir='ltr'><strong>uenerant</strong></span> <span class='ocrx_word' id='word_1_237' title='bbox 1346 2603 1435 2669; x_wconf 88' lang='lat' dir='ltr'><strong>adce-</strong></span> 
     </span>
     <span class='ocr_line' id='line_1_24' title="bbox 211 2701 1437 2794; baseline 0.001 -23"><span class='ocrx_word' id='word_1_238' title='bbox 211 2714 328 2794; x_wconf 88' lang='lat' dir='ltr'><strong>perunt</strong></span> <span class='ocrx_word' id='word_1_239' title='bbox 349 2705 488 2790; x_wconf 87' lang='lat' dir='ltr'><strong>singulos</strong></span> <span class='ocrx_word' id='word_1_240' title='bbox 511 2703 658 2769; x_wconf 75' lang='lat' dir='ltr'><strong>dinarios,</strong></span> <span class='ocrx_word' id='word_1_241' title='bbox 676 2701 704 2740; x_wconf 79' lang='lat'><strong>¹⁰</strong></span> <span class='ocrx_word' id='word_1_242' title='bbox 715 2703 880 2769; x_wconf 89' lang='lat' dir='ltr'><strong>uenientes</strong></span> <span class='ocrx_word' id='word_1_243' title='bbox 902 2710 1007 2769; x_wconf 88' lang='lat' dir='ltr'><strong>autem</strong></span> <span class='ocrx_word' id='word_1_244' title='bbox 1030 2712 1063 2768; x_wconf 91' lang='lat' dir='ltr'><strong>et</strong></span> <span class='ocrx_word' id='word_1_245' title='bbox 1078 2704 1172 2790; x_wconf 89' lang='lat' dir='ltr'><strong>primi</strong></span> <span class='ocrx_word' id='word_1_246' title='bbox 1198 2705 1340 2771; x_wconf 87' lang='lat' dir='ltr'><strong>arbitrati</strong></span> <span class='ocrx_word' id='word_1_247' title='bbox 1363 2713 1437 2773; x_wconf 88' lang='lat' dir='ltr'><strong>sunt</strong></span> 
     </span>
     <span class='ocr_line' id='line_1_25' title="bbox 211 2805 1435 2895; baseline 0.001 -21"><span class='ocrx_word' id='word_1_248' title='bbox 211 2809 295 2895; x_wconf 90' lang='lat' dir='ltr'><strong>quod</strong></span> <span class='ocrx_word' id='word_1_249' title='bbox 317 2808 388 2894; x_wconf 90' lang='lat' dir='ltr'><strong>plus</strong></span> <span class='ocrx_word' id='word_1_250' title='bbox 410 2813 514 2873; x_wconf 90' lang='lat' dir='ltr'><strong>essent</strong></span> <span class='ocrx_word' id='word_1_251' title='bbox 542 2805 712 2892; x_wconf 86' lang='lat' dir='ltr'><strong>adcepturi.</strong></span> <span class='ocrx_word' id='word_1_252' title='bbox 764 2806 972 2891; x_wconf 88' lang='lat' dir='ltr'><strong>Adceperunt</strong></span> <span class='ocrx_word' id='word_1_253' title='bbox 998 2814 1105 2872; x_wconf 87' lang='lat' dir='ltr'><strong>autem</strong></span> <span class='ocrx_word' id='word_1_254' title='bbox 1136 2815 1168 2871; x_wconf 89' lang='lat' dir='ltr'><strong>et</strong></span> <span class='ocrx_word' id='word_1_255' title='bbox 1200 2806 1262 2894; x_wconf 90' lang='lat' dir='ltr'><strong>ipsi</strong></span> <span class='ocrx_word' id='word_1_256' title='bbox 1295 2807 1435 2894; x_wconf 79' lang='lat' dir='ltr'><strong>singulos</strong></span> 
     </span>
     <span class='ocr_line' id='line_1_26' title="bbox 211 2907 1437 2996; baseline 0 -20"><span class='ocrx_word' id='word_1_257' title='bbox 211 2908 359 2976; x_wconf 88' lang='lat' dir='ltr'><strong>dinarios.</strong></span> <span class='ocrx_word' id='word_1_258' title='bbox 373 2908 398 2946; x_wconf 86' lang='lat'><strong>¹¹</strong></span> <span class='ocrx_word' id='word_1_259' title='bbox 411 2918 443 2974; x_wconf 92' lang='lat' dir='ltr'><strong>et</strong></span> <span class='ocrx_word' id='word_1_260' title='bbox 462 2907 654 2994; x_wconf 84' lang='lat' dir='ltr'><strong>adcipieutes</strong></span> <span class='ocrx_word' id='word_1_261' title='bbox 683 2917 962 2973; x_wconf 88' lang='lat' dir='ltr'><strong>murmurauerunt</strong></span> <span class='ocrx_word' id='word_1_262' title='bbox 988 2908 1155 2974; x_wconf 87' lang='lat' dir='ltr'><strong>aduersum</strong></span> <span class='ocrx_word' id='word_1_263' title='bbox 1188 2909 1437 2996; x_wconf 69' lang='lat' dir='ltr'><strong>patremfamilia&#39;a</strong></span> 
     </span>
     <span class='ocr_line' id='line_1_27' title="bbox 214 3009 1435 3097; baseline 0 -19"><span class='ocrx_word' id='word_1_264' title='bbox 214 3012 241 3051; x_wconf 76' lang='lat'><strong>¹⁹</strong></span> <span class='ocrx_word' id='word_1_265' title='bbox 256 3012 404 3078; x_wconf 86' lang='lat' dir='ltr'><strong>dicentes.</strong></span> <span class='ocrx_word' id='word_1_266' title='bbox 427 3011 462 3076; x_wconf 91' lang='lat' dir='ltr'><strong>hi</strong></span> <span class='ocrx_word' id='word_1_267' title='bbox 485 3009 651 3076; x_wconf 86' lang='lat' dir='ltr'><strong>nouissimi</strong></span> <span class='ocrx_word' id='word_1_268' title='bbox 673 3035 737 3075; x_wconf 89' lang='lat' dir='ltr'><strong>una</strong></span> <span class='ocrx_word' id='word_1_269' title='bbox 760 3011 837 3075; x_wconf 84' lang='lat' dir='ltr'><strong>hore</strong></span> <span class='ocrx_word' id='word_1_270' title='bbox 858 3009 1002 3076; x_wconf 82' lang='lat' dir='ltr'><strong>fecerunt</strong></span> <span class='ocrx_word' id='word_1_271' title='bbox 1023 3018 1055 3076; x_wconf 95' lang='lat' dir='ltr'><strong>et</strong></span> <span class='ocrx_word' id='word_1_272' title='bbox 1076 3034 1166 3097; x_wconf 89' lang='lat' dir='ltr'><strong>pares</strong></span> <span class='ocrx_word' id='word_1_273' title='bbox 1188 3012 1260 3076; x_wconf 89' lang='lat' dir='ltr'><strong>illos</strong></span> <span class='ocrx_word' id='word_1_274' title='bbox 1278 3012 1368 3078; x_wconf 91' lang='lat' dir='ltr'><strong>nobis</strong></span> <span class='ocrx_word' id='word_1_275' title='bbox 1391 3013 1435 3078; x_wconf 83' lang='lat' dir='ltr'><strong>f·</strong></span> 
     </span>
     <span class='ocr_line' id='line_1_28' title="bbox 212 3110 1436 3200; baseline -0.001 -19"><span class='ocrx_word' id='word_1_276' title='bbox 212 3115 300 3181; x_wconf 88' lang='lat' dir='ltr'><strong>cistis</strong></span> <span class='ocrx_word' id='word_1_277' title='bbox 322 3114 377 3200; x_wconf 90' lang='lat' dir='ltr'><strong>qui</strong></span> <span class='ocrx_word' id='word_1_278' title='bbox 399 3112 594 3200; x_wconf 87' lang='lat' dir='ltr'><strong>portauimus</strong></span> <span class='ocrx_word' id='word_1_279' title='bbox 616 3112 738 3199; x_wconf 87' lang='lat' dir='ltr'><strong>pondus</strong></span> <span class='ocrx_word' id='word_1_280' title='bbox 761 3111 825 3177; x_wconf 88' lang='lat' dir='ltr'><strong>diei</strong></span> <span class='ocrx_word' id='word_1_281' title='bbox 847 3120 880 3177; x_wconf 90' lang='lat' dir='ltr'><strong>et</strong></span> <span class='ocrx_word' id='word_1_282' title='bbox 902 3122 999 3178; x_wconf 90' lang='lat' dir='ltr'><strong>estus.</strong></span> <span class='ocrx_word' id='word_1_283' title='bbox 1029 3110 1054 3149; x_wconf 78' lang='lat'><strong>¹³</strong></span> <span class='ocrx_word' id='word_1_284' title='bbox 1083 3113 1137 3178; x_wconf 78' lang='lat' dir='ltr'><strong>Ad</strong></span> <span class='ocrx_word' id='word_1_285' title='bbox 1164 3113 1217 3178; x_wconf 94' lang='lat' dir='ltr'><strong>ille</strong></span> <span class='ocrx_word' id='word_1_286' title='bbox 1243 3115 1436 3200; x_wconf 88' lang='lat' dir='ltr'><strong>respondens</strong></span> 
     </span>
     <span class='ocr_line' id='line_1_29' title="bbox 214 3213 1436 3284; baseline 0 -1"><span class='ocrx_word' id='word_1_287' title='bbox 214 3217 272 3283; x_wconf 89' lang='lat' dir='ltr'><strong>uni</strong></span> <span class='ocrx_word' id='word_1_288' title='bbox 294 3239 401 3282; x_wconf 91' lang='lat' dir='ltr'><strong>eorum</strong></span> <span class='ocrx_word' id='word_1_289' title='bbox 423 3214 514 3281; x_wconf 88' lang='lat' dir='ltr'><strong>dixit.</strong></span> <span class='ocrx_word' id='word_1_290' title='bbox 538 3214 638 3280; x_wconf 85' lang='lat' dir='ltr'><strong>amice</strong></span> <span class='ocrx_word' id='word_1_291' title='bbox 660 3239 725 3279; x_wconf 92' lang='lat' dir='ltr'><strong>non</strong></span> <span class='ocrx_word' id='word_1_292' title='bbox 747 3213 826 3280; x_wconf 83' lang='lat' dir='ltr'><strong>facio</strong></span> <span class='ocrx_word' id='word_1_293' title='bbox 851 3213 911 3280; x_wconf 85' lang='lat' dir='ltr'><strong>tibi</strong></span> <span class='ocrx_word' id='word_1_294' title='bbox 940 3215 1089 3280; x_wconf 86' lang='lat' dir='ltr'><strong>iniuriam</strong></span> <span class='ocrx_word' id='word_1_295' title='bbox 1117 3238 1221 3280; x_wconf 93' lang='lat' dir='ltr'><strong>nonne</strong></span> <span class='ocrx_word' id='word_1_296' title='bbox 1243 3240 1283 3281; x_wconf 89' lang='lat' dir='ltr'><strong>ex</strong></span> <span class='ocrx_word' id='word_1_297' title='bbox 1316 3216 1436 3284; x_wconf 86' lang='lat' dir='ltr'><strong>dinario</strong></span> 
     </span>
     <span class='ocr_line' id='line_1_30' title="bbox 213 3315 1437 3400; baseline -0.001 -13"><span class='ocrx_word' id='word_1_298' title='bbox 213 3318 392 3387; x_wconf 91' lang='lat' dir='ltr'><strong>conuenisti</strong></span> <span class='ocrx_word' id='word_1_299' title='bbox 414 3341 548 3383; x_wconf 89' lang='lat' dir='ltr'><strong>mecum.</strong></span> <span class='ocrx_word' id='word_1_300' title='bbox 563 3315 588 3353; x_wconf 76' lang='lat'><strong>¹⁴</strong></span> <span class='ocrx_word' id='word_1_301' title='bbox 603 3318 679 3383; x_wconf 88' lang='lat' dir='ltr'><strong>tolle</strong></span> <span class='ocrx_word' id='word_1_302' title='bbox 702 3317 786 3400; x_wconf 85' lang='lat' dir='ltr'><strong>quod</strong></span> <span class='ocrx_word' id='word_1_303' title='bbox 808 3325 897 3382; x_wconf 88' lang='lat' dir='ltr'><strong>tuum</strong></span> <span class='ocrx_word' id='word_1_304' title='bbox 916 3325 963 3383; x_wconf 88' lang='lat' dir='ltr'><strong>est</strong></span> <span class='ocrx_word' id='word_1_305' title='bbox 991 3323 1023 3383; x_wconf 93' lang='lat' dir='ltr'><strong>et</strong></span> <span class='ocrx_word' id='word_1_306' title='bbox 1045 3318 1133 3383; x_wconf 91' lang='lat' dir='ltr'><strong>uade.</strong></span> <span class='ocrx_word' id='word_1_307' title='bbox 1168 3319 1240 3383; x_wconf 90' lang='lat' dir='ltr'><strong>uolo</strong></span> <span class='ocrx_word' id='word_1_308' title='bbox 1262 3328 1368 3384; x_wconf 89' lang='lat' dir='ltr'><strong>autem</strong></span> <span class='ocrx_word' id='word_1_309' title='bbox 1405 3328 1437 3387; x_wconf 92' lang='lat' dir='ltr'><strong>et</strong></span> 
     </span>
     <span class='ocr_line' id='line_1_31' title="bbox 212 3419 1437 3488; baseline 0 0"><span class='ocrx_word' id='word_1_310' title='bbox 212 3422 288 3488; x_wconf 91' lang='lat' dir='ltr'><strong>huic</strong></span> <span class='ocrx_word' id='word_1_311' title='bbox 309 3420 481 3488; x_wconf 86' lang='lat' dir='ltr'><strong>nouissimo</strong></span> <span class='ocrx_word' id='word_1_312' title='bbox 503 3419 577 3484; x_wconf 87' lang='lat' dir='ltr'><strong>dare</strong></span> <span class='ocrx_word' id='word_1_313' title='bbox 600 3419 682 3486; x_wconf 87' lang='lat' dir='ltr'><strong>sicut</strong></span> <span class='ocrx_word' id='word_1_314' title='bbox 704 3428 736 3485; x_wconf 89' lang='lat' dir='ltr'><strong>et</strong></span> <span class='ocrx_word' id='word_1_315' title='bbox 763 3419 829 3485; x_wconf 90' lang='lat' dir='ltr'><strong>tibi.</strong></span> <span class='ocrx_word' id='word_1_316' title='bbox 864 3419 891 3458; x_wconf 82' lang='lat'><strong>¹⁶</strong></span> <span class='ocrx_word' id='word_1_317' title='bbox 920 3420 990 3485; x_wconf 84' lang='lat' dir='ltr'><strong>Aut</strong></span> <span class='ocrx_word' id='word_1_318' title='bbox 1021 3444 1084 3485; x_wconf 89' lang='lat' dir='ltr'><strong>non</strong></span> <span class='ocrx_word' id='word_1_319' title='bbox 1114 3419 1189 3486; x_wconf 89' lang='lat' dir='ltr'><strong>licet</strong></span> <span class='ocrx_word' id='word_1_320' title='bbox 1221 3420 1300 3485; x_wconf 91' lang='lat' dir='ltr'><strong>mihi</strong></span> <span class='ocrx_word' id='word_1_321' title='bbox 1334 3421 1437 3488; x_wconf 86' lang='lat' dir='ltr'><strong>facere</strong></span> 
     </span>
     <span class='ocr_line' id='line_1_32' title="bbox 211 3521 1438 3610; baseline -0.001 -20"><span class='ocrx_word' id='word_1_322' title='bbox 211 3524 295 3610; x_wconf 91' lang='lat' dir='ltr'><strong>quod</strong></span> <span class='ocrx_word' id='word_1_323' title='bbox 317 3523 391 3588; x_wconf 92' lang='lat' dir='ltr'><strong>uolo</strong></span> <span class='ocrx_word' id='word_1_324' title='bbox 412 3547 453 3587; x_wconf 90' lang='lat' dir='ltr'><strong>an</strong></span> <span class='ocrx_word' id='word_1_325' title='bbox 476 3521 583 3589; x_wconf 91' lang='lat' dir='ltr'><strong>oculus</strong></span> <span class='ocrx_word' id='word_1_326' title='bbox 606 3529 680 3585; x_wconf 88' lang='lat' dir='ltr'><strong>tuus</strong></span> <span class='ocrx_word' id='word_1_327' title='bbox 702 3545 807 3608; x_wconf 90' lang='lat' dir='ltr'><strong>nequa</strong></span> <span class='ocrx_word' id='word_1_328' title='bbox 829 3528 877 3587; x_wconf 87' lang='lat' dir='ltr'><strong>cst</strong></span> <span class='ocrx_word' id='word_1_329' title='bbox 899 3521 974 3607; x_wconf 91' lang='lat' dir='ltr'><strong>qnia</strong></span> <span class='ocrx_word' id='word_1_330' title='bbox 996 3545 1053 3606; x_wconf 87' lang='lat' dir='ltr'><strong>ego</strong></span> <span class='ocrx_word' id='word_1_331' title='bbox 1078 3524 1179 3588; x_wconf 90' lang='lat' dir='ltr'><strong>bonus</strong></span> <span class='ocrx_word' id='word_1_332' title='bbox 1209 3546 1288 3587; x_wconf 89' lang='lat' dir='ltr'><strong>sum.</strong></span> <span class='ocrx_word' id='word_1_333' title='bbox 1324 3522 1351 3562; x_wconf 83' lang='lat'><strong>¹⁶</strong></span> <span class='ocrx_word' id='word_1_334' title='bbox 1383 3523 1438 3590; x_wconf 79' lang='lat' dir='ltr'><strong>Sic</strong></span> 
     </span>
     <span class='ocr_line' id='line_1_33' title="bbox 213 3623 1436 3710; baseline -0.001 -18"><span class='ocrx_word' id='word_1_335' title='bbox 213 3631 305 3692; x_wconf 88' lang='lat' dir='ltr'><strong>erunt</strong></span> <span class='ocrx_word' id='word_1_336' title='bbox 327 3623 493 3690; x_wconf 87' lang='lat' dir='ltr'><strong>nouissimi</strong></span> <span class='ocrx_word' id='word_1_337' title='bbox 516 3623 618 3710; x_wconf 92' lang='lat' dir='ltr'><strong>primi.</strong></span> <span class='ocrx_word' id='word_1_338' title='bbox 643 3623 738 3710; x_wconf 89' lang='lat' dir='ltr'><strong>primi</strong></span> <span class='ocrx_word' id='word_1_339' title='bbox 767 3623 943 3690; x_wconf 88' lang='lat' dir='ltr'><strong>nouissimi.</strong></span> <span class='ocrx_word' id='word_1_340' title='bbox 997 3625 1092 3690; x_wconf 87' lang='lat' dir='ltr'><strong>Multi</strong></span> <span class='ocrx_word' id='word_1_341' title='bbox 1114 3624 1198 3689; x_wconf 86' lang='lat' dir='ltr'><strong>enirn</strong></span> <span class='ocrx_word' id='word_1_342' title='bbox 1228 3630 1303 3690; x_wconf 86' lang='lat' dir='ltr'><strong>sunt</strong></span> <span class='ocrx_word' id='word_1_343' title='bbox 1331 3626 1436 3691; x_wconf 90' lang='lat' dir='ltr'><strong>uocati</strong></span> 
     </span>
     <span class='ocr_line' id='line_1_34' title="bbox 212 3725 529 3814; baseline -0.006 -22"><span class='ocrx_word' id='word_1_344' title='bbox 212 3726 305 3814; x_wconf 89' lang='lat' dir='ltr'><strong>pauci</strong></span> <span class='ocrx_word' id='word_1_345' title='bbox 328 3750 402 3793; x_wconf 91' lang='lat' dir='ltr'><strong>uero</strong></span> <span class='ocrx_word' id='word_1_346' title='bbox 426 3725 529 3792; x_wconf 85' lang='lat' dir='ltr'><strong>electi.</strong></span> 
     </span>
    </p>

    <p class='ocr_par' dir='ltr' id='par_1_4' title="bbox 211 3827 1439 4734">
     <span class='ocr_line' id='line_1_35' title="bbox 297 3827 1436 3916; baseline 0.003 -23"><span class='ocrx_word' id='word_1_347' title='bbox 297 3829 426 3896; x_wconf 86' lang='lat' dir='ltr'>LVIII.</span> <span class='ocrx_word' id='word_1_348' title='bbox 462 3829 488 3866; x_wconf 81' lang='lat'><strong>¹⁷</strong></span> <span class='ocrx_word' id='word_1_349' title='bbox 517 3828 754 3895; x_wconf 65' lang='lat' dir='ltr'><strong>praeeundum</strong></span> <span class='ocrx_word' id='word_1_350' title='bbox 776 3827 828 3893; x_wconf 68' lang='lat' dir='ltr'><strong>ihs</strong></span> <span class='ocrx_word' id='word_1_351' title='bbox 850 3827 884 3892; x_wconf 91' lang='lat' dir='ltr'><strong>in</strong></span> <span class='ocrx_word' id='word_1_352' title='bbox 917 3827 1136 3914; x_wconf 87' lang='lat' dir='ltr'><strong>hierosolymis</strong></span> <span class='ocrx_word' id='word_1_353' title='bbox 1158 3829 1332 3916; x_wconf 84' lang='lat' dir='ltr'><strong>adsumpsit</strong></span> <span class='ocrx_word' id='word_1_354' title='bbox 1359 3831 1436 3896; x_wconf 87' lang='lat' dir='ltr'><strong>duo·</strong></span> 
     </span>
     <span class='ocr_line' id='line_1_36' title="bbox 211 3929 1438 4020; baseline 0.001 -23"><span class='ocrx_word' id='word_1_355' title='bbox 211 3932 315 3997; x_wconf 86' lang='lat' dir='ltr'><strong>decim</strong></span> <span class='ocrx_word' id='word_1_356' title='bbox 338 3931 515 4020; x_wconf 89' lang='lat' dir='ltr'><strong>discipulos.</strong></span> <span class='ocrx_word' id='word_1_357' title='bbox 539 3932 583 3996; x_wconf 81' lang='lat' dir='ltr'><strong>Et</strong></span> <span class='ocrx_word' id='word_1_358' title='bbox 605 3931 650 3996; x_wconf 86' lang='lat' dir='ltr'><strong>ait</strong></span> <span class='ocrx_word' id='word_1_359' title='bbox 673 3931 745 3996; x_wconf 92' lang='lat' dir='ltr'><strong>illis.</strong></span> <span class='ocrx_word' id='word_1_360' title='bbox 760 3929 870 3997; x_wconf 82' lang='lat' dir='ltr'><strong>¹⁸ecce</strong></span> <span class='ocrx_word' id='word_1_361' title='bbox 891 3930 1090 3996; x_wconf 86' lang='lat' dir='ltr'><strong>ascendimus</strong></span> <span class='ocrx_word' id='word_1_362' title='bbox 1112 3930 1145 3995; x_wconf 93' lang='lat' dir='ltr'><strong>in</strong></span> <span class='ocrx_word' id='word_1_363' title='bbox 1169 3930 1381 4016; x_wconf 67' lang='lat' dir='ltr'><strong>hierosolymi</strong></span> <span class='ocrx_word' id='word_1_364' title='bbox 1407 3939 1438 3998; x_wconf 87' lang='lat' dir='ltr'><strong>et</strong></span> 
     </span>
     <span class='ocr_line' id='line_1_37' title="bbox 212 4031 1436 4120; baseline 0.001 -22"><span class='ocrx_word' id='word_1_365' title='bbox 212 4033 297 4099; x_wconf 87' lang='lat' dir='ltr'><strong>filius</strong></span> <span class='ocrx_word' id='word_1_366' title='bbox 317 4033 620 4120; x_wconf 84' lang='lat' dir='ltr'><strong>hoministradetur</strong></span> <span class='ocrx_word' id='word_1_367' title='bbox 645 4033 841 4119; x_wconf 88' lang='lat' dir='ltr'><strong>principibus</strong></span> <span class='ocrx_word' id='word_1_368' title='bbox 870 4031 1069 4099; x_wconf 88' lang='lat' dir='ltr'><strong>sacerdotum</strong></span> <span class='ocrx_word' id='word_1_369' title='bbox 1099 4040 1131 4098; x_wconf 90' lang='lat' dir='ltr'><strong>et</strong></span> <span class='ocrx_word' id='word_1_370' title='bbox 1157 4033 1267 4098; x_wconf 86' lang='lat' dir='ltr'><strong>scribis</strong></span> <span class='ocrx_word' id='word_1_371' title='bbox 1301 4041 1333 4099; x_wconf 90' lang='lat' dir='ltr'><strong>et</strong></span> <span class='ocrx_word' id='word_1_372' title='bbox 1365 4057 1436 4099; x_wconf 92' lang='lat' dir='ltr'><strong>con·</strong></span> 
     </span>
     <span class='ocr_line' id='line_1_38' title="bbox 212 4134 1439 4222; baseline 0.001 -21"><span class='ocrx_word' id='word_1_373' title='bbox 212 4137 407 4202; x_wconf 85' lang='lat' dir='ltr'><strong>demuabunt</strong></span> <span class='ocrx_word' id='word_1_374' title='bbox 429 4160 479 4201; x_wconf 90' lang='lat' dir='ltr'><strong>me</strong></span> <span class='ocrx_word' id='word_1_375' title='bbox 507 4142 608 4202; x_wconf 89' lang='lat' dir='ltr'><strong>morte</strong></span> <span class='ocrx_word' id='word_1_376' title='bbox 622 4134 648 4173; x_wconf 79' lang='lat'><strong>¹⁹</strong></span> <span class='ocrx_word' id='word_1_377' title='bbox 660 4144 690 4202; x_wconf 84' lang='lat' dir='ltr'><strong>et</strong></span> <span class='ocrx_word' id='word_1_378' title='bbox 722 4135 845 4202; x_wconf 86' lang='lat' dir='ltr'><strong>tradent</strong></span> <span class='ocrx_word' id='word_1_379' title='bbox 871 4160 943 4201; x_wconf 89' lang='lat' dir='ltr'><strong>enm</strong></span> <span class='ocrx_word' id='word_1_380' title='bbox 971 4135 1117 4222; x_wconf 88' lang='lat' dir='ltr'><strong>gentibus</strong></span> <span class='ocrx_word' id='word_1_381' title='bbox 1144 4136 1183 4203; x_wconf 90' lang='lat' dir='ltr'><strong>ad</strong></span> <span class='ocrx_word' id='word_1_382' title='bbox 1212 4135 1380 4201; x_wconf 89' lang='lat' dir='ltr'><strong>delendum</strong></span> <span class='ocrx_word' id='word_1_383' title='bbox 1407 4143 1439 4202; x_wconf 87' lang='lat' dir='ltr'><strong>et</strong></span> 
     </span>
     <span class='ocr_line' id='line_1_39' title="bbox 213 4236 1437 4325; baseline 0 -23"><span class='ocrx_word' id='word_1_384' title='bbox 213 4238 434 4323; x_wconf 82' lang='lat' dir='ltr'><strong>flagellandum</strong></span> <span class='ocrx_word' id='word_1_385' title='bbox 458 4245 490 4304; x_wconf 89' lang='lat' dir='ltr'><strong>et</strong></span> <span class='ocrx_word' id='word_1_386' title='bbox 511 4238 754 4325; x_wconf 84' lang='lat' dir='ltr'><strong>crucifigendum</strong></span> <span class='ocrx_word' id='word_1_387' title='bbox 778 4238 927 4320; x_wconf 58' lang='lat' dir='ltr'><strong>etsstertia</strong></span> <span class='ocrx_word' id='word_1_388' title='bbox 949 4237 1000 4303; x_wconf 91' lang='lat' dir='ltr'><strong>die</strong></span> <span class='ocrx_word' id='word_1_389' title='bbox 1027 4246 1177 4323; x_wconf 86' lang='lat' dir='ltr'><strong>resurget.</strong></span> <span class='ocrx_word' id='word_1_390' title='bbox 1206 4236 1234 4275; x_wconf 76' lang='lat'><strong>²⁰</strong></span> <span class='ocrx_word' id='word_1_391' title='bbox 1260 4237 1353 4304; x_wconf 82' lang='lat' dir='ltr'><strong>Tunc</strong></span> <span class='ocrx_word' id='word_1_392' title='bbox 1384 4239 1437 4303; x_wconf 92' lang='lat' dir='ltr'><strong>ad·</strong></span> 
     </span>
     <span class='ocr_line' id='line_1_40' title="bbox 212 4340 1438 4427; baseline 0 -21"><span class='ocrx_word' id='word_1_393' title='bbox 212 4341 307 4406; x_wconf 87' lang='lat' dir='ltr'><strong>cessit</strong></span> <span class='ocrx_word' id='word_1_394' title='bbox 328 4341 368 4406; x_wconf 85' lang='lat' dir='ltr'><strong>ad</strong></span> <span class='ocrx_word' id='word_1_395' title='bbox 390 4363 463 4406; x_wconf 88' lang='lat' dir='ltr'><strong>eum</strong></span> <span class='ocrx_word' id='word_1_396' title='bbox 486 4347 587 4406; x_wconf 87' lang='lat' dir='ltr'><strong>mater</strong></span> <span class='ocrx_word' id='word_1_397' title='bbox 607 4340 743 4406; x_wconf 89' lang='lat' dir='ltr'><strong>filiorum</strong></span> <span class='ocrx_word' id='word_1_398' title='bbox 767 4341 915 4406; x_wconf 85' lang='lat' dir='ltr'><strong>zebedaei</strong></span> <span class='ocrx_word' id='word_1_399' title='bbox 936 4364 1007 4406; x_wconf 92' lang='lat' dir='ltr'><strong>cum</strong></span> <span class='ocrx_word' id='word_1_400' title='bbox 1029 4340 1105 4407; x_wconf 89' lang='lat' dir='ltr'><strong>filiis</strong></span> <span class='ocrx_word' id='word_1_401' title='bbox 1127 4341 1259 4407; x_wconf 89' lang='lat' dir='ltr'><strong>adorans</strong></span> <span class='ocrx_word' id='word_1_402' title='bbox 1281 4349 1313 4406; x_wconf 86' lang='lat' dir='ltr'><strong>et</strong></span> <span class='ocrx_word' id='word_1_403' title='bbox 1327 4347 1438 4427; x_wconf 87' lang='lat' dir='ltr'><strong>petens</strong></span> 
     </span>
     <span class='ocr_line' id='line_1_41' title="bbox 213 4439 1438 4530; baseline 0.001 -23"><span class='ocrx_word' id='word_1_404' title='bbox 213 4441 334 4528; x_wconf 84' lang='lat' dir='ltr'><strong>aliquid</strong></span> <span class='ocrx_word' id='word_1_405' title='bbox 355 4444 393 4509; x_wconf 90' lang='lat' dir='ltr'><strong>ab</strong></span> <span class='ocrx_word' id='word_1_406' title='bbox 416 4466 461 4508; x_wconf 92' lang='lat' dir='ltr'><strong>eo.</strong></span> <span class='ocrx_word' id='word_1_407' title='bbox 487 4439 513 4479; x_wconf 74' lang='lat'><strong>²¹</strong></span> <span class='ocrx_word' id='word_1_408' title='bbox 536 4442 610 4529; x_wconf 85' lang='lat' dir='ltr'><strong>Ipse</strong></span> <span class='ocrx_word' id='word_1_409' title='bbox 633 4448 740 4508; x_wconf 85' lang='lat' dir='ltr'><strong>autem</strong></span> <span class='ocrx_word' id='word_1_410' title='bbox 762 4442 844 4509; x_wconf 87' lang='lat' dir='ltr'><strong>dixit</strong></span> <span class='ocrx_word' id='word_1_411' title='bbox 865 4443 904 4508; x_wconf 90' lang='lat' dir='ltr'><strong>ei.</strong></span> <span class='ocrx_word' id='word_1_412' title='bbox 929 4442 1007 4530; x_wconf 92' lang='lat' dir='ltr'><strong>quid</strong></span> <span class='ocrx_word' id='word_1_413' title='bbox 1028 4443 1087 4509; x_wconf 86' lang='lat' dir='ltr'><strong>uie.</strong></span> <span class='ocrx_word' id='word_1_414' title='bbox 1117 4442 1163 4508; x_wconf 86' lang='lat' dir='ltr'><strong>ait</strong></span> <span class='ocrx_word' id='word_1_415' title='bbox 1184 4448 1216 4510; x_wconf 90' lang='lat' dir='ltr'><strong>et</strong></span> <span class='ocrx_word' id='word_1_416' title='bbox 1238 4442 1294 4508; x_wconf 91' lang='lat' dir='ltr'><strong>illi.</strong></span> <span class='ocrx_word' id='word_1_417' title='bbox 1320 4442 1370 4508; x_wconf 90' lang='lat' dir='ltr'><strong>dic</strong></span> <span class='ocrx_word' id='word_1_418' title='bbox 1403 4448 1438 4508; x_wconf 79' lang='lat' dir='ltr'><strong>ut</strong></span> 
     </span>
     <span class='ocr_line' id='line_1_42' title="bbox 214 4543 1437 4628; baseline 0.002 -20"><span class='ocrx_word' id='word_1_419' title='bbox 214 4544 344 4609; x_wconf 85' lang='lat' dir='ltr'><strong>sedeant</strong></span> <span class='ocrx_word' id='word_1_420' title='bbox 365 4543 413 4609; x_wconf 92' lang='lat' dir='ltr'><strong>hii</strong></span> <span class='ocrx_word' id='word_1_421' title='bbox 434 4545 496 4610; x_wconf 92' lang='lat' dir='ltr'><strong>duo</strong></span> <span class='ocrx_word' id='word_1_422' title='bbox 518 4543 563 4608; x_wconf 88' lang='lat' dir='ltr'><strong>fili</strong></span> <span class='ocrx_word' id='word_1_423' title='bbox 585 4543 648 4608; x_wconf 89' lang='lat' dir='ltr'><strong>mei</strong></span> <span class='ocrx_word' id='word_1_424' title='bbox 671 4568 752 4610; x_wconf 90' lang='lat' dir='ltr'><strong>unus</strong></span> <span class='ocrx_word' id='word_1_425' title='bbox 775 4545 814 4610; x_wconf 87' lang='lat' dir='ltr'><strong>ad</strong></span> <span class='ocrx_word' id='word_1_426' title='bbox 837 4545 949 4610; x_wconf 75' lang='lat' dir='ltr'><strong>dextra</strong></span> <span class='ocrx_word' id='word_1_427' title='bbox 971 4553 1058 4612; x_wconf 92' lang='lat' dir='ltr'><strong>tuam</strong></span> <span class='ocrx_word' id='word_1_428' title='bbox 1082 4553 1113 4612; x_wconf 89' lang='lat' dir='ltr'><strong>et</strong></span> <span class='ocrx_word' id='word_1_429' title='bbox 1128 4570 1210 4612; x_wconf 90' lang='lat' dir='ltr'><strong>unus</strong></span> <span class='ocrx_word' id='word_1_430' title='bbox 1225 4546 1264 4611; x_wconf 90' lang='lat' dir='ltr'><strong>ad</strong></span> <span class='ocrx_word' id='word_1_431' title='bbox 1279 4545 1437 4628; x_wconf 87' lang='lat' dir='ltr'><strong>sinistram</strong></span> 
     </span>
     <span class='ocr_line' id='line_1_43' title="bbox 211 4644 1437 4734; baseline 0.003 -25"><span class='ocrx_word' id='word_1_432' title='bbox 211 4645 249 4710; x_wconf 87' lang='lat' dir='ltr'><strong>in</strong></span> <span class='ocrx_word' id='word_1_433' title='bbox 268 4669 365 4731; x_wconf 86' lang='lat' dir='ltr'><strong>regno</strong></span> <span class='ocrx_word' id='word_1_434' title='bbox 385 4655 449 4712; x_wconf 92' lang='lat' dir='ltr'><strong>tuo.</strong></span> <span class='ocrx_word' id='word_1_435' title='bbox 474 4644 501 4682; x_wconf 73' lang='lat'><strong>²⁹</strong></span> <span class='ocrx_word' id='word_1_436' title='bbox 523 4646 730 4732; x_wconf 86' lang='lat' dir='ltr'><strong>Respondens</strong></span> <span class='ocrx_word' id='word_1_437' title='bbox 752 4655 858 4713; x_wconf 88' lang='lat' dir='ltr'><strong>autem</strong></span> <span class='ocrx_word' id='word_1_438' title='bbox 882 4648 945 4714; x_wconf 90' lang='lat' dir='ltr'><strong>illis</strong></span> <span class='ocrx_word' id='word_1_439' title='bbox 976 4647 1035 4712; x_wconf 85' lang='lat' dir='ltr'><strong>ihs.</strong></span> <span class='ocrx_word' id='word_1_440' title='bbox 1056 4647 1185 4714; x_wconf 89' lang='lat' dir='ltr'><strong>nescitis</strong></span> <span class='ocrx_word' id='word_1_441' title='bbox 1214 4647 1291 4734; x_wconf 92' lang='lat' dir='ltr'><strong>quid</strong></span> <span class='ocrx_word' id='word_1_442' title='bbox 1309 4648 1437 4734; x_wconf 79' lang='lat' dir='ltr'><strong>potatis</strong></span> 
     </span>
    </p>
   </div>
   <div class='ocr_carea' id='block_1_3' title="bbox 0 0 1740 5192">
    <p class='ocr_par' dir='ltr' id='par_1_5' title="bbox 0 0 1740 5192">
     <span class='ocr_line' id='line_1_44' title="bbox 0 0 1740 5192; baseline 0 0"><span class='ocrx_word' id='word_1_443' title='bbox 0 0 1740 5192; x_wconf 95' lang='lat' dir='ltr'><strong> </strong></span> 
     </span>
    </p>
   </div>
  </div>
 </body>
</html>
