3467 5192
279 271 320 335 66
713 268 748 334 (a.
768 271 798 336 3)
822 270 1002 337 euangelium
1020 286 1075 324 aec.

148 501 150 504 .
278 463 371 505 suum
394 439 500 524 paleas
522 443 628 504 autem
651 439 813 504 comburet
835 439 901 525 igni
930 439 1176 526 inextinguibili.
1229 440 1257 479 ¹⁸
1308 444 1412 508 Multa
1440 443 1513 527 qui*

175 603 178 610 ,
278 543 349 607 dem
374 548 405 607 et
426 541 489 605 alia
512 539 682 606 exhortans
704 542 945 625 euangelizabat
965 545 1126 628 populum.
1175 543 1202 580 ¹⁹
1238 545 1383 610 Herodes
1398 552 1511 612 autem

278 645 436 710 tetrarcha
459 666 529 708 cum
553 641 762 728 corriperetur
784 645 822 708 ab
845 644 900 708 illo
923 644 962 709 de
984 645 1161 711 herodecde
1191 670 1290 712 uxore
1321 646 1426 713 fratris
1456 647 1509 713 sui

278 753 310 813 et
332 748 370 812 de
392 745 538 810 omnibus
561 745 652 810 malis
675 767 757 832 quae
779 745 857 812 fecit
879 747 1010 811 herodes
1033 745 1105 812 et²⁰
1122 747 1237 814 adiecit
1263 757 1296 815 et
1324 751 1383 815 hoc
1411 773 1515 836 super

277 848 384 914 omnia
406 854 438 914 et
459 845 588 912 inclusit
608 847 779 912 iohannem
802 848 835 912 in
858 871 992 914 carcere.

362 951 421 1017 VI.
469 947 495 985 ²¹
536 951 671 1015 Factum
687 957 855 1016 astantem
873 975 944 1016 cum
961 951 1137 1037 baptizatus
1153 959 1236 1018 esset
1250 953 1352 1019 omnis
1370 954 1513 1040 populus·

277 1060 309 1119 et
324 1053 380 1118 ihr‘r
396 1051 577 1135 baptizanto
590 1050 626 1133 (1)
642 1059 674 1118 et
688 1061 830 1118 orantem
845 1053 878 1136 (l)
894 1060 1038 1139 apertum
1058 1061 1106 1119 est
1123 1055 1245 1120 caelum
1257 1054 1284 1092 ²¹
1296 1062 1328 1121 et
1343 1057 1511 1121 descendit

276 1161 330 1242 spt
353 1159 402 1220 set
425 1153 577 1240 corporali
600 1155 723 1239 speciae
738 1155 819 1221 sicut
835 1157 982 1221 columba
996 1157 1028 1220 in
1045 1157 1147 1241 ipsum
1166 1164 1199 1222 31
1212 1181 1274 1222 uox
1287 1159 1325 1222 de
1342 1157 1510 1222 calefacta·

276 1264 325 1324 est
347 1257 464 1322 dicens.
489 1255 573 1322 filius
589 1281 677 1323 meus
692 1281 726 1322 es
747 1265 783 1322 tu
801 1258 944 1340 [dilectus
959 1258 992 1323 in
1008 1266 1041 1323 te
1055 1259 1217 1347 conplacui
1233 1259 1322 1345 mihi]
1339 1283 1397 1344 ego
1411 1260 1513 1324 hodie·

275 1361 371 1446 genui
387 1358 597 1445 1311311333
613 1365 681 1424 erat
702 1358 754 1423 ihs
770 1359 925 1446 incipiens
939 1360 1005 1427 fere
1021 1386 1174 1427 annorum
1190 1362 1298 1426 XXX
1313 1363 1396 1448 quod
1413 1370 1511 1448 puta·-

276 1466 369 1529 batur
386 1485 454 1528 esse
469 1463 554 1526 filius
576 1461 686 1546 ioseph
700 1462 784 1526 filius
800 1463 905 1527 helibe
920 1462 1005 1528 filins
1021 1466 1170 1529 mattheae
1183 1464 1211 1502 ²⁴
1221 1465 1305 1529 filius
1320 1467 1407 1529 leuui
1421 1465 1513 1528 filius·

275 1565 391 1631 melchi
408 1564 494 1629 filius
509 1563 623 1628 ianuae
645 1564 728 1629 filius
751 1564 871 1649 ioseph.
885 1563 912 1603 ²⁵
922 1565 1007 1630 filius
1030 1567 1183 1631 matthiae
1205 1568 1289 1631 filius
1311 1591 1398 1632 amos
1419 1567 1513 1631 filius

276 1692 371 1733 anum
405 1667 489 1731 filius
509 1666 576 1730 sedi
609 1666 692 1731 filius
715 1689 834 1750 naggae
846 1665 873 1704 ²⁶
885 1668 971 1732 filius
994 1669 1099 1733 maahi
1121 1669 1208 1734 filius
1230 1669 1399 1734 matthiani
1421 1669 1514 1733 filius

276 1770 374 1836 semei
390 1769 474 1834 filius
490 1769 584 1834 osche
599 1769 684 1833 filius
700 1768 793 1834 iudae
806 1768 833 1808 ⁹⁷
844 1770 929 1833 filius
944 1770 1084 1836 iohanne
1099 1771 1184 1837 filius
1198 1793 1268 1836 resa
1283 1771 1367 1836 filius
1378 1777 1508 1836 zoraba-

276 1872 328 1937 bel
347 1872 432 1936 filius
451 1870 598 1936 salathiel
618 1871 703 1935 filius
725 1871 795 1936 neri
808 1870 931 1938 28filius
955 1873 1071 1937 melchi
1093 1873 1178 1938 filius
1200 1873 1274 1937 addi
1294 1874 1379 1939 filius
1402 1897 1511 1938 cosam

276 1973 360 2039 filius
383 1973 508 2038 elmada
529 1972 614 2037 filius
636 1971 828 2038 her²⁹filius
851 1974 919 2039 iesu
942 1975 1026 2039 filius
1050 1975 1166 2039 eliezer
1186 1976 1271 2040 filius
1296 1974 1387 2040 iorim
1421 1975 1507 2039 filius

276 2076 428 2142 matheim
443 2075 527 2140 filius
541 2074 631 2139 leuui
644 2074 671 2112 ³⁰
681 2075 765 2140 filius
780 2077 901 2140 simeon
918 2077 1003 2141 filius
1018 2077 1093 2141 iuda
1105 2077 1189 2142 filius
1201 2076 1311 2164 ioseph
1320 2079 1404 2143 filius
1416 2066 1516 2143 ionae·

276 2179 360 2244 filius
376 2177 522 2244 eliachim
536 2175 561 2214 ³¹
574 2177 659 2241 filius
671 2177 804 2242 melsiua
816 2178 901 2242 filius
913 2178 1037 2243 aenaim
1049 2180 1134 2244 filius
1151 2187 1270 2244 matata
1280 2180 1364 2244 filius
1376 2180 1508 2245 natham

276 2281 360 2347 filius
384 2280 478 2346 dauid
492 2278 519 2317 ³²
529 2279 615 2344 filius
637 2278 738 2345 iassae
760 2280 844 2345 filius
866 2281 961 2346 obeth
983 2281 1069 2346 filius
1088 2282 1165 2347 booz
1186 2282 1271 2348 filius
1286 2283 1407 2347 salmon
1421 2280 1515 2346 filius·

277 2407 410 2449 naasson
423 2381 545 2448 ³³filius
569 2382 735 2447 aminadab
758 2383 841 2448 filius
864 2406 949 2448 aram
974 2383 1059 2449 filius
1081 2407 1173 2448 esron
1195 2384 1279 2447 filius
1293 2385 1407 2470 phares
1422 2384 1507 2449 filius

277 2484 409 2551 1313311
423 2485 507 2550 filius
530 2484 619 2550 iacob
641 2486 726 2550 filius
751 2484 856 2550 isaach
885 2486 970 2550 filius
1001 2487 1136 2551 abrahae
1164 2486 1249 2551 filius
1282 2486 1390 2551 tharae
1422 2485 1515 2551 filius-

277 2587 529 2654 nachor³⁵filius
553 2590 665 2652 seruch
694 2586 777 2652 filius
807 2611 902 2652 racau
934 2587 1020 2653 filius
1052 2589 1164 2674 phalec
1197 2588 1282 2653 filius
1315 2590 1390 2652 eber
1421 2588 1510 2653 filius

278 2692 362 2757 salae
375 2689 497 2754 ³⁶filius
521 2689 632 2754 cainan
655 2689 739 2754 filius
762 2688 886 2755 arfaxat
906 2690 991 2755 filius
1014 2714 1081 2755 sam
1104 2691 1188 2755 filius
1210 2714 1270 2754 noe
1284 2691 1369 2755 filius
1384 2691 1512 2756 lamech
1600 2757 1603 2762 ,

278 2793 305 2832 11
316 2794 401 2859 filius
423 2793 592 2857 mattusala
614 2792 698 2856 filius
721 2793 820 2856 enoch
842 2791 927 2856 filius
949 2794 1057 2858 zareth
1079 2793 1163 2857 filius
1186 2793 1314 2857 malelel
1338 2793 1423 2856 filius
1446 2793 1512 2858 cai·

278 2894 486 2960 nam³⁸filius
510 2916 585 2959 enos
606 2893 690 2957 filius
716 2895 783 2958 seth
813 2894 899 2959 filius
928 2895 1017 2959 adam
1048 2896 1133 2959 filius
1162 2896 1203 2960 di.
1249 2895 1344 2978 (3.4)
1390 2894 1401 2930 ¹
1446 2896 1512 2959 nra:

278 3004 383 3063 autem
406 2998 518 3084 plenus
541 3006 600 3082 spu
625 2999 677 3060 scd
699 3018 859 3081 regressus
885 3006 933 3062 est
960 2999 999 3062 ab
1030 2997 1190 3062 iordanem
1224 3002 1257 3061 31
1290 2997 1441 3081 agebatur
1473 2998 1507 3061 in

279 3102 319 3184 [a]
343 3100 401 3186 apri
425 3099 458 3163 in
481 3099 613 3164 deserta.
628 3097 763 3163 2diebus
786 3098 852 3162 XL
877 3104 910 3163 31
932 3101 1144 3184 temptabatur
1166 3098 1331 3164 adiabolo.
1363 3099 1408 3163 Et
1426 3098 1517 3162 nihil.

277 3202 480 3268 manducabit
501 3201 534 3266 in
558 3201 668 3266 diebus
691 3201 755 3266 illis
781 3209 814 3264 et
840 3201 1066 3266 consummatis
1093 3201 1157 3266 illis
1186 3206 1297 3287 postea
1328 3201 1449 3266 esuriit.
1494 3199 1512 3239 1

277 3305 374 3371 Dixit
396 3310 502 3369 autem
524 3303 573 3367 illi
596 3303 746 3368 diabolus.
771 3302 797 3367 si
821 3303 906 3367 filius
930 3303 962 3367 di
985 3326 1018 3367 es
1041 3303 1090 3366 dic
1112 3302 1210 3389 lapidi
1233 3303 1308 3368 huic
1329 3310 1367 3369 ut
1387 3305 1443 3367 fiat
1456 3327 1516 3390 pa·-

278 3407 337 3472 nis.
383 3405 397 3442 ⁴
439 3408 484 3471 Et
505 3405 666 3492 respondit
688 3406 727 3470 ad
749 3405 840 3469 illum
862 3405 915 3468 ihs
938 3412 970 3469 et
992 3404 1083 3469 dixit.
1107 3405 1260 3491 scriptum
1284 3413 1332 3470 est
1353 3405 1429 3488 quia
1443 3429 1512 3470 non·

278 3512 312 3576 in
335 3510 503 3594 sclopano
526 3508 617 3574 uiuet
637 3509 731 3571 homo
754 3507 862 3572 sedin
887 3506 973 3570 omni
996 3508 1092 3571 uerbo
1108 3507 1149 3570 di.
1195 3506 1208 3544 ⁵
1250 3508 1295 3572 Et
1309 3507 1401 3572 duxit
1415 3507 1508 3572 illum

279 3613 422 3679 diabolus
444 3611 478 3676 in
500 3617 639 3676 moutam
664 3611 760 3674 altum
783 3615 815 3673 31
838 3609 976 3674 ostendit
998 3608 1044 3672 illi
1068 3610 1174 3674 omnia
1196 3633 1292 3695 regna
1307 3609 1391 3675 orbis
1405 3616 1509 3675 terrae

279 3717 313 3780 in
335 3720 496 3779 momento
518 3711 739 3797 temporis⁶et
761 3710 806 3775 311
828 3711 919 3775 illum
943 3710 1095 3776 diabolus.
1124 3711 1183 3776 tibi
1207 3712 1285 3776 dabo
1317 3720 1508 3797 potestatem

279 3821 360 3884 hanc
383 3816 563 3881 uniuersam
589 3820 621 3879 31
642 3812 773 3899 gloriam
797 3813 923 3877 illorum
947 3811 1022 3899 quia
1043 3813 1124 3877 mihi
1144 3814 1260 3878 tradita
1290 3820 1364 3879 sunt
1392 3821 1425 3879 31
1455 3815 1512 3880 cui·

279 3921 352 3986 uolo
375 3920 414 3983 do
436 3918 500 3982 1113.
548 3917 559 3954 1
603 3917 655 3980 Tu
677 3940 753 3981 uero
778 3915 804 3980 si
827 3916 994 4001 procidens
1016 3916 1196 3980 adoraueris
1224 3923 1297 3981 aute
1330 3941 1380 3982 me
1415 3922 1508 3981 erunt

279 4031 334 4089 tua
357 4020 471 4087 omnia.
518 4019 530 4056 ³
574 4020 619 4083 Et
640 4019 832 4104 respondens
856 4018 940 4082 dixit
961 4017 1010 4081 illi
1032 4018 1094 4081 ihs.
1119 4017 1269 4103 scriplum
1293 4023 1341 4082 est
1358 4019 1429 4083 dor'n
1453 4019 1512 4083 dm·

278 4134 370 4192 tuum
393 4120 535 4188 adorabis
558 4121 660 4185 atilli
683 4119 741 4185 soli
765 4121 893 4186 seruies.
940 4119 952 4157 ⁹
995 4121 1039 4184 Et
1066 4120 1157 4184 duxit
1185 4119 1275 4184 illum
1306 4120 1341 4184 in
1369 4120 1507 4184 hierusa-

278 4229 340 4292 lem
365 4233 397 4291 et
419 4223 530 4290 statuit
552 4224 641 4287 illum
664 4247 758 4308 supra
781 4223 910 4308 pinnam
935 4223 1044 4308 templi
1070 4228 1102 4286 31
1123 4221 1205 4286 dixit
1227 4221 1274 4286 illi
1303 4224 1330 4286 si
1358 4222 1443 4287 filius
1474 4223 1512 4285 (11

280 4354 312 4395 33
335 4328 427 4394 mitte
450 4334 481 4392 te
502 4326 578 4390 hinc
600 4329 753 4391 deorsum.
769 4324 958 4410 ¹⁰scriptum
983 4333 1032 4388 est
1053 4323 1137 4388 enim
1170 4324 1253 4406 quod
1286 4323 1407 4408 angelis
1441 4325 1507 4388 suis

279 4429 443 4496 mandauit
465 4429 503 4493 de
526 4436 557 4494 13
581 4433 616 4492 ut
639 4437 826 4492 conseruent
849 4440 880 4492 te
894 4427 919 4462 ¹¹
934 4426 1010 4513 quia
1033 4426 1066 4489 iu
1090 4426 1236 4491 manibus
1265 4426 1377 4490 tollent
1403 4431 1435 4490 13
1465 4449 1507 4490 ne

279 4533 359 4598 forte
381 4532 494 4618 perdas
516 4531 555 4595 ad
577 4529 716 4616 lapidem
740 4531 850 4616 pedem
875 4536 975 4594 tuum.
1023 4526 1049 4564 ¹⁵³
1093 4529 1138 4593 Et
1153 4527 1345 4614 respondens
1359 4526 1440 4592 dixit
1455 4527 1515 4591 ihs

278 4636 325 4700 illi
348 4641 379 4700 et
401 4634 551 4720 scriptum
576 4639 706 4698 estnon
732 4631 901 4718 temptabis
924 4632 995 4696 dom
1018 4631 1070 4694 dm
1087 4638 1187 4696 tuum.
1201 4628 1272 4694 ¹³et
1290 4636 1509 4694 consummata
