3467 5192
308 267 350 330 46
734 269 768 334 (6.
790 269 834 333 10)
859 270 1040 336 euangelium
1058 285 1112 322 sea.

307 445 371 501 tam
395 443 555 502 aeternam
578 439 617 502 do
639 438 684 502 eis
708 445 739 504 et
762 463 824 504 non
846 439 996 524 peribunt
1017 440 1049 503 in
1073 447 1217 504 eternum
1246 449 1278 505 et
1306 463 1369 504 666
1399 439 1534 525 quisquis

307 539 390 625 rapit
412 563 464 606 eas
487 541 525 605 de
548 564 643 604 manu
668 565 747 604 mea.
794 539 822 577 ²⁹
863 543 962 606 Pater
985 542 1070 626 quod
1092 542 1180 607 dedit
1202 541 1281 605 milri
1304 541 1406 606 maius
1433 541 1531 606 omni·

306 642 365 706 bus
387 648 435 706 est
457 651 489 707 et
512 665 604 708 nemo
625 650 729 729 potest
750 667 860 729 rapere
883 645 922 708 de
945 668 1040 709 manu
1064 645 1162 730 patris
1186 644 1258 708 mei.
1272 642 1300 680 ³⁰
1311 667 1368 727 ego
1391 653 1423 709 et
1446 653 1535 730 pater

306 769 405 809 unum
428 768 545 811 sumus.
592 743 617 781 ³¹
663 745 868 812 Sustulerunt
890 747 1010 831 lapides
1036 746 1143 810 iudaei
1171 754 1207 811 ut
1239 747 1417 832 lapidarent
1450 770 1532 810 eum.

307 845 334 884 ⁸²
377 847 555 932 Respondit
576 849 622 912 eis
644 848 695 912 ihs
717 849 818 913 multa
839 872 934 934 opera
955 850 1038 913 bona
1059 847 1161 913 osredi
1186 849 1273 914 uobis
1296 872 1337 912 ex
1358 857 1448 933 patre
1463 871 1534 912 meo

305 949 536 1035 propterquod
560 973 668 1015 eorum
691 973 769 1036 opus
793 975 843 1014 me
868 950 1024 1037 lapidatis.
1072 949 1098 987 11
1150 951 1397 1037 Responderunt
1425 950 1454 1014 ei
1485 949 1532 1014 iu·

305 1051 373 1117 daei
397 1051 436 1117 de
458 1053 539 1116 bono
562 1075 656 1138 opere
678 1076 741 1117 666
763 1062 795 1118 16
818 1053 995 1139 lapidamus
1017 1054 1072 1117 sed
1095 1053 1133 1118 de
1164 1052 1359 1138 blasphemia
1392 1064 1424 1118 et
1457 1053 1532 1138 quia

304 1160 339 1219 tu
363 1155 455 1219 homo
478 1179 549 1222 oum
573 1156 616 1220 sis
638 1153 716 1221 faois
739 1156 876 1242 teipsum
893 1154 1530 1242 1611116666611161611116666666116·

304 1264 371 1322 tum
396 1256 497 1322 66116
522 1258 591 1340 legs
615 1257 689 1341 quia
712 1281 769 1343 ego
792 1257 860 1323 dixi
889 1258 935 1322 dii
968 1257 1043 1323 estis
1062 1256 1089 1294 ³⁶
1107 1257 1135 1323 si
1168 1258 1239 1323 illos
1272 1257 1354 1322 dixit
1386 1258 1459 1322 deos
1493 1258 1533 1323 ad

304 1382 381 1443 quos
404 1381 508 1424 sermo
530 1361 624 1424 fiebat
646 1360 678 1423 di
701 1367 733 1424 et
761 1384 824 1424 non
857 1367 961 1446 potest
991 1361 1074 1426 solui
1110 1358 1410 1444 seriptura³⁶quem
1443 1369 1534 1446 pater

302 1461 515 1527 sanetifioauit
537 1472 569 1527 et
591 1461 677 1528 misit
699 1463 732 1526 in
755 1464 841 1527 huno
864 1463 1018 1527 mundum
1042 1486 1098 1527 uos
1120 1461 1225 1526 dicitis
1244 1462 1319 1547 6616
1333 1462 1534 1548 blasphemas

302 1563 377 1649 quia
400 1563 467 1627 dixi
489 1559 573 1628 filius
596 1565 628 1628 di
651 1586 721 1629 sum
736 1563 802 1630 1161
824 1588 888 1629 666
912 1565 993 1630 16616
1016 1588 1110 1649 opera
1132 1564 1231 1650 patris
1253 1564 1315 1629 mei
1337 1565 1435 1630 nolite
1452 1565 1531 1629 mihi

302 1666 437 1732 eredere.
452 1662 479 1701 ³⁸
491 1665 574 1748 quod
586 1666 611 1729 si
627 1665 709 1732 16616
732 1674 764 1731 61
787 1690 849 1730 666
874 1667 972 1733 661116
995 1666 1074 1732 mibi
1096 1668 1223 1732 eredere
1244 1667 1391 1752 operibus
1414 1667 1531 1734 credite

302 1775 335 1834 et
356 1769 551 1853 cognoscetis
577 1769 618 1849 [et
640 1769 784 1852 credatis]
809 1769 886 1852 quia
907 1768 940 1832 in
967 1792 1019 1833 me
1041 1777 1089 1834 est
1110 1777 1200 1855 pater
1222 1776 1254 1833 et
1281 1792 1336 1854 ego
1360 1769 1394 1834 in
1423 1794 1468 1834 66.
1503 1767 1534 1806 11

302 1870 487 1956 Querebant
509 1894 581 1956 ergo
604 1894 677 1935 eum
706 1872 941 1957 adprehendere
971 1876 1003 1936 et
1032 1871 1134 1935 exiuit
1159 1872 1198 1936 de
1232 1871 1378 1938 manibus
1411 1896 1528 1936 eorum.

301 1971 330 2010 ⁴⁰
372 1974 417 2038 Et
439 1971 518 2037 abiit
539 1973 655 2038 iterum
678 1983 763 2038 trans
786 1973 949 2038 iordanem
973 1974 1005 2037 in
1030 1997 1102 2038 eum
1125 1975 1227 2038 locum
1258 1975 1312 2039 ubi
1336 1965 1415 2039 'erat
1446 1975 1532 2039 ioan-

301 2099 357 2140 nes
379 2075 467 2160 prius
491 2075 654 2161 baptizans
677 2082 709 2140 et
731 2077 878 2140 manebat
899 2075 1004 2140 1111611
1017 2083 1049 2141 61
1070 2075 1162 2142 166111
1186 2077 1355 2142 ueniebant
1376 2079 1416 2141 61
1439 2077 1529 2141 111616

300 2183 333 2243 61
354 2177 502 2243 dicebant
523 2177 599 2263 quia
624 2178 778 2243 iohannes
810 2178 938 2263 quidem
973 2178 1099 2258 siguum
1133 2178 1209 2243 feeit
1239 2178 1531 2244 661161611616616

300 2290 406 2345 autem
431 2304 501 2366 quae
524 2279 606 2345 dixit
628 2279 780 2346 iohannes
803 2281 841 2346 de
864 2282 923 2345 hoo
946 2304 1022 2345 uera
1045 2287 1143 2346 erant.
1167 2289 1199 2346 et
1215 2281 1307 2347 multi
1330 2281 1531 2347 erediderunt

300 2383 334 2447 in
359 2407 440 2448 eum.

383 2486 626 2568 XXI.(0.11)
672 2485 682 2522 1
727 2487 829 2550 Erant
851 2493 957 2550 autem
981 2486 1108 2571 quidam
1133 2487 1276 2550 infirmus
1298 2485 1427 2550 nomine
1450 2487 1530 2549 laza·

298 2611 351 2654 166
374 2612 393 2653 6
414 2588 541 2654 betania
564 2589 602 2652 de
626 2589 753 2654 castello
777 2589 896 2653 mariae
927 2597 959 2653 et
986 2590 1129 2654 marthae
1161 2588 1276 2653 sororis
1305 2587 1381 2652 eius.
1399 2587 1411 2623 ²
1430 2587 1530 2652 maria

298 2698 406 2756 autem
429 2697 497 2755 erat
519 2714 589 2775 quoe
612 2689 706 2755 unxit
728 2692 803 2755 dnr'sr
826 2699 988 2774 unguento
1012 2696 1043 2756 et
1061 2690 1194 2756 extersit
1208 2690 1303 2776 pedes
1316 2691 1384 2756 sius
1406 2691 1530 2776 capillis

298 2792 363 2858 suis
386 2792 479 2858 66166
501 2791 598 2858 frater
619 2794 741 2857 lazarus
764 2793 989 2858 infirmabatur,
1004 2793 1196 2874 11[61661661
1218 2816 1291 2878 ergo
1309 2815 1430 2858 sorores
1460 2793 1531 2857 6166

297 2895 432 2960 adeum
455 2894 595 2959 dieentes
619 2896 744 2959 domine
769 2920 840 2961 eooe
863 2918 959 2979 quem
982 2919 1068 2960 amas
1089 2895 1286 2973 infirmatur]¹
1333 2894 1347 2931 ⁴
1390 2894 1528 2959 Audiuit

302 2996 354 3061 ihr
377 3006 409 3062 et
431 2997 476 3062 ait
498 2997 570 3085 illis.
594 2999 662 3063 haec
685 2997 851 3065 infirmitas
874 3023 936 3064 666
960 3006 1007 3063 661
1029 2999 1068 3062 61
1090 3006 1221 3063 61611616
1238 2999 1293 3061 661
1311 3020 1366 3082 616
1382 2999 1482 3080 gloria
1497 2997 1529 3060 di

296 3107 333 3164 ut
354 3099 541 3166 olarifioetur
567 3101 651 3166 filius
685 3100 718 3165 in
752 3101 828 3187 ipso.
881 3099 894 3140 ⁶
946 3101 1109 3185 Diligebat
1138 3100 1189 3164 ihs
1218 3100 1358 3164 lazarum
1388 3108 1420 3164 et
1442 3121 1525 3164 soro·

296 3226 363 3266 rem
390 3203 458 3267 eius
482 3202 723 3286 [166116161161
745 3227 818 3289 ergo
834 3203 962 3268 audiuit
980 3203 1054 3287 6616
1073 3203 1290 3267 infirmabatur
1308 3208 1383 3266 tuno
1398 3202 1524 3286 quidem

296 3305 412 3369 mansit
433 3305 466 3368 in
490 3305 600 3370 eodem
622 3307 690 3370 loeo
714 3305 817 3370 biduo.
866 3305 878 3343 1
922 3305 1049 3369 Deinde
1070 3312 1141 3390 post
1164 3307 1242 3368 haee
1264 3302 1346 3368 dixit
1363 3303 1530 3389 discipulis

295 3407 360 3472 suis
383 3430 491 3471 eamus
510 3408 625 3472 iterum
648 3407 681 3471 in
704 3407 859 3471 iudaeam.
906 3404 919 3444 ⁸
963 3406 1086 3472 Diount
1109 3406 1138 3470 61
1161 3406 1309 3491 116616611
1330 3405 1419 3470 rabbi
1441 3428 1526 3469 nuno
1607 3466 1613 3474 .

295 3509 478 3594 quaerebant
500 3514 532 3573 16
554 3509 693 3595 16611616
717 3508 821 3574 161661
845 3508 1014 3574 etiterum
1037 3508 1128 3573 66116
1160 3508 1244 3574 illue.
1291 3506 1304 3546 ⁹
1347 3506 1527 3594 Respondit

295 3610 356 3674 ihs.
380 3634 486 3675 66666
509 3611 674 3677 1661661111
699 3612 795 3676 horae
818 3619 893 3676 sunt
915 3610 979 3676 diei
995 3610 1022 3675 si
1045 3611 1115 3696 quis
1138 3609 1348 3676 ambulauerit
1369 3609 1452 3674 inter
1474 3609 1525 3674 die

294 3735 356 3777 666
380 3713 510 3778 offendit
532 3714 607 3799 quia
629 3715 732 3778 lucem
755 3713 850 3778 huius
872 3713 984 3778 mundi
1008 3713 1097 3778 uidet
1119 3711 1146 3750 ¹⁰
1163 3713 1191 3778 61
1218 3713 1290 3798 6616
1311 3713 1526 3777 ambulauerit

293 3814 326 3878 in
349 3821 442 3880 66611
465 3815 596 3880 offendit
618 3817 692 3900 quia
715 3816 771 3880 lux
794 3839 858 3880 non
881 3824 928 3883 est
951 3817 984 3879 in
1008 3840 1054 3881 eo.
1068 3815 1187 3880 1111666
1209 3815 1291 3879 dixit
1314 3817 1527 3901 6166611666

294 3917 371 3982 dioit
394 3918 448 3982 eis.
473 3919 594 3982 lazarus
618 3917 737 3982 amicus
761 3926 867 3983 666161
891 3918 1008 3984 dormit
1029 3919 1083 3984 sed
1113 3919 1196 3983 uado
1225 3927 1261 3982 ut
1289 3941 1307 3981 a
1335 3941 1444 3982 somno
1461 3940 1525 3981 sus-

293 4018 412 4103 oite(m)
434 4043 516 4085 eum.
563 4019 589 4055 11
632 4020 795 4086 Dixerunt
817 4044 891 4104 ergo
911 4020 940 4085 61
963 4020 1120 4107 116616611.
1144 4021 1207 4085 dr‘re
1229 4021 1256 4086 si
1280 4019 1396 4084 dormit
1417 4020 1528 4084 saluus-

292 4120 663 4187 6111111116161661616
687 4121 739 4186 ihs
761 4123 800 4188 ds
823 4131 923 4188 morte
953 4122 1022 4188 eius
1048 4122 1096 4186 illi
1124 4128 1198 4187 6611
1225 4128 1420 4208 6616661661
1448 4121 1524 4207 6616

291 4224 331 4288 16
353 4223 542 4288 dormitione
564 4223 664 4289 somni
688 4224 814 4290 1166161.
830 4223 857 4260 ¹⁴
868 4233 946 4290 tuno
973 4247 1047 4309 ergo
1082 4224 1159 4288 dicit
1193 4224 1238 4290 eis
1271 4224 1323 4288 ihs
1346 4222 1524 4288 manifeste.

291 4327 414 4391 lazarus
437 4335 579 4390 mortuus
601 4333 649 4391 est
661 4325 688 4364 ¹⁶
700 4336 732 4391 et
753 4327 875 4411 gaudeo
897 4333 1027 4412 propter
1050 4349 1106 4391 uos
1128 4335 1164 4391 ut
1190 4326 1323 4392 credatis
1357 4324 1433 4409 quia
1460 4349 1523 4390 non

291 4453 375 4494 eram
399 4427 443 4493 ibi
466 4429 521 4493 sed
544 4452 651 4494 eamus
675 4429 713 4493 ad
737 4428 841 4493 illurn.
889 4427 917 4467 ¹⁶
969 4427 1029 4493 Ait
1055 4452 1128 4514 ergo
1163 4430 1286 4494 thomas
1319 4427 1375 4510 qui
1408 4428 1528 4494 dieitur

291 4532 448 4616 dydymus
470 4531 509 4595 ad
533 4525 778 4617 condiscipulos..
795 4553 904 4596 eamus
934 4540 966 4596 et
995 4553 1051 4596 nos
1080 4533 1136 4614 [ut]
1161 4532 1332 4596 moriamur
1354 4554 1425 4595 ourn
1456 4530 1522 4595 illo.

292 4633 319 4672 ¹⁷
363 4634 461 4699 Uenit
483 4642 588 4699 autem
611 4632 664 4697 ihs
688 4642 720 4698 61
741 4633 867 4698 1666611
889 4656 961 4696 eum
991 4633 1053 4697 iam
1083 4633 1252 4719 quatriduo
1284 4633 1454 4698 habentem
1488 4632 1525 4697 16
