3467 5192
288 263 309 325 4
716 265 744 329 (c
764 265 808 330 13)
828 264 1009 330 euangelium
1028 280 1084 317 sec.

287 432 377 519 regni
399 443 430 500 θῖ
453 457 517 500 non
539 433 704 519 intellegit.
727 434 817 500 uenit
838 435 941 499 malus
964 445 996 499 θῖ
1022 433 1105 521 rapit
1134 435 1219 522 quod
1249 435 1439 502 seminatum
1467 445 1514 504 est

288 537 322 600 in
358 536 449 602 corde
487 536 583 602 illius.
617 535 670 602 hic
715 542 763 603 est
796 537 850 621 qui
884 559 974 602 secus
1007 537 1092 602 uiam
1125 537 1297 604 seminatus
1337 545 1393 604 est.
1414 536 1441 575 ²⁰
1459 540 1514 624 qui

287 645 393 706 autem
416 662 510 726 supra
536 647 660 726 petrosa
688 639 860 705 seminatus
890 645 946 703 est.
981 638 1033 704 hic
1062 646 1110 705 est
1136 639 1191 724 qui
1216 641 1349 706 uerbum
1371 641 1460 706 audit
1482 648 1514 707 et

287 741 436 808 continuo
459 765 531 806 cum
552 741 668 828 gaudio
691 741 804 827 accipit
826 741 915 807 illud.
929 740 1022 805 ”sed
1044 764 1107 807 non
1129 743 1223 807 babet
1245 742 1334 809 inse
1365 742 1511 809 radicem.

287 845 343 910 sed
364 852 412 911 est
433 844 623 930 temporalis.
647 842 730 910 facta
752 851 858 908 autem
890 842 1092 908 tribulatione
1123 851 1250 931 propter
1279 845 1411 909 uerbum
1441 869 1512 912 con·

286 945 376 1012 tinuo
410 945 646 1012 scandalizatur.
662 944 687 982 ”
701 945 757 1032 qui
790 953 896 1010 autern
929 945 963 1010 in
997 945 1096 1032 spinis
1119 946 1293 1012 seminatur
1314 947 1367 1013 hic
1389 953 1436 1013 est
1459 948 1513 1033 qui

288 1050 419 1114 uerbum
442 1048 538 1114 audit.
563 1057 595 1113 et
616 1047 794 1114 sollicitudo
817 1047 935 1114 saeculi
949 1054 982 1112 et
996 1048 1142 1133 uoluptas
1160 1047 1303 1131 [fallacia]
1328 1049 1513 1115 diuitiarum

287 1152 420 1217 suffocat
450 1153 591 1217 uerbum.
627 1158 659 1217 θῖ
685 1151 753 1216 sinc
786 1149 890 1216 fructu
930 1149 1074 1215 efficitur.
1094 1147 1120 1188 ”
1136 1150 1189 1236 qui
1230 1173 1305 1216 uero
1332 1151 1365 1216 in
1398 1162 1512 1217 terram

287 1255 370 1318 bona
393 1253 565 1320 seminatus
588 1261 635 1320 est
656 1251 707 1318 hic
731 1253 855 1337 estqui
879 1253 968 1318 audit
990 1254 1091 1318 uerbr'r
1120 1263 1152 1318 et
1180 1252 1353 1340 intellegit.
1373 1253 1453 1319 tuno
1482 1262 1513 1321 θῖ

288 1355 425 1422 fructum
448 1354 550 1421 adfert
572 1354 701 1420 etfacit
733 1355 813 1421 aliut
844 1355 941 1440 quide
969 1355 1144 1421 centesimis
1175 1354 1255 1420 aliut
1281 1356 1512 1442 sexagesimum

289 1457 374 1523 aliud
389 1456 614 1523 tricensimum.
641 1456 668 1494 ²⁴
696 1457 805 1523 Aliam
835 1457 1016 1544 parabolam
1044 1457 1208 1545 proposuit
1234 1455 1297 1522 illis
1326 1457 1441 1524 dicens.
1473 1458 1512 1524 si·

287 1561 363 1624 mile
385 1566 433 1626 est
454 1583 586 1645 regnum
610 1560 766 1626 caelorum
789 1559 911 1625 homini
932 1560 988 1646 qui
1010 1559 1180 1625 seminauit
1202 1582 1319 1625 nonum
1348 1565 1456 1625 semen'
1478 1560 1511 1625 in

288 1686 361 1747 agro
388 1686 453 1728 suo.
479 1660 506 1700 ”
529 1686 600 1727 cum
635 1670 740 1727 autem
770 1663 922 1728 romirent
948 1663 1039 1745 [dor-l
1061 1662 1215 1727 homines.
1252 1662 1342 1728 uenit
1365 1662 1512 1729 inimicus

287 1772 319 1830 et
340 1764 605 1852 supersemiuauit
626 1765 755 1831 uozania
777 1765 811 1830 in
844 1765 984 1831 triticum
1012 1774 1043 1830 et
1076 1765 1161 1830 abiit.
1177 1764 1269 1830 ²⁶sed
1295 1766 1335 1830 cli
1361 1766 1513 1831 creuisset

286 1868 383 1932 herba
404 1875 436 1932 et
458 1866 596 1932 fructum
617 1866 743 1933 fecisset
769 1874 844 1932 tunc
877 1876 1091 1954 apparuerunt
1116 1868 1273 1933 zezaniae.
1304 1867 1331 1906 ²⁷
1359 1870 1510 1934 Accesse-

286 1978 360 2035 runt
381 1977 487 2035 autem
509 1971 593 2033 serui
616 1968 850 2057 patrisfamilias
874 1980 906 2034 θῖ
927 1969 1076 2035 dixerunt
1107 1970 1144 2035 ei.
1175 1970 1238 2035 dite
1266 1992 1369 2036 nonne
1395 1971 1510 2035 bonum

285 2095 395 2138 semen
416 2071 578 2138 seminasti
611 2071 644 2136 in
678 2095 751 2157 agro
778 2079 832 2137 tuo
860 2073 944 2137 unde
975 2095 1047 2157 ergo
1076 2072 1171 2138 habet
1199 2072 1335 2138 nonanis.
1359 2071 1386 2110 ”
1408 2078 1440 2138 θῖ
1467 2071 1512 2138 ait

287 2173 350 2239 illis
372 2173 520 2240 inimicus
542 2174 636 2239 homo
658 2175 717 2239 hoc
739 2173 823 2240 fecit.
848 2174 958 2240 dicunt
980 2174 1010 2238 ei
1032 2174 1124 2239 serui.
1148 2173 1198 2239 uis
1220 2173 1303 2240 imus
1332 2182 1364 2241 θῖ
1391 2174 1510 2260 colligi·

287 2299 356 2340 mus
379 2298 425 2340 ea.
439 2273 509 2342 2⁹et
531 2277 576 2340 ait
597 2300 700 2342 nonne
730 2276 809 2342 forte
843 2276 1026 2360 colligentes
1059 2275 1187 2341 zezania
1220 2276 1384 2342 eradicetis
1417 2276 1511 2342 simul

285 2391 318 2441 et
351 2377 500 2445 triticum.
515 2375 543 2414 ³⁰
554 2379 608 2443 sed
641 2378 735 2445 sinite
758 2390 891 2464 utroque
914 2402 1052 2444 crescere
1074 2401 1174 2464 usque
1196 2379 1236 2444 ad
1257 2403 1390 2445 messem
1424 2389 1455 2445 et
1477 2379 1509 2444 in

167 2473 193 2568 Ἰ
220 2532 225 2539 ,
286 2489 427 2565 tempore
462 2480 571 2546 messis
605 2480 707 2546 dicam
741 2481 940 2546 messoribus.
976 2481 1114 2566 colligite
1145 2482 1282 2567 primum
1317 2479 1447 2546 zezania
1479 2488 1512 2546 et

285 2580 413 2667 alligate
437 2606 489 2648 eos
512 2583 676 2650 fasciculos
699 2584 738 2648 ad
760 2584 1017 2649 comburendum.
1045 2584 1186 2651 triticum
1202 2592 1307 2649 autem
1324 2591 1510 2670 congregate

287 2685 321 2750 in
344 2692 488 2750 horreum
513 2687 597 2751 meti.
620 2685 648 2724 ³¹
676 2686 782 2750 Aliam
813 2688 993 2772 parabolam
1023 2689 1145 2753 locutus
1179 2700 1227 2753 est
1254 2686 1300 2751 eis
1327 2686 1443 2752 dicens.
1472 2685 1511 2752 si-

285 2789 361 2854 mile
384 2799 431 2854 est
453 2804 583 2873 regnum
608 2789 765 2855 caelorum
786 2811 884 2873 grano
908 2788 1027 2875 sinapis
1049 2789 1132 2874 quod
1154 2788 1311 2874 accipiens
1336 2790 1429 2854 homo
1459 2811 1508 2853 se·

286 2893 422 2959 minauit
454 2891 616 2977 agruml-o]
652 2891 764 2974 subl-o]
779 2889 806 2928 ”
817 2892 900 2976 quod
932 2892 1099 2956 minimum
1126 2892 1253 2977 quidem
1287 2899 1335 2956 est
1366 2890 1510 2956 omnibus

285 2993 467 3064 seminibus.
492 3018 561 3059 cum
586 3000 690 3058 autem
715 2993 848 3058 creberit·
870 2994 971 3059 maius
993 2996 1030 3060 fit
1051 2993 1196 3059 omnibus
1222 2994 1381 3058 holeribus
1412 2999 1444 3057 θῖ
1474 2994 1510 3059 fit

283 3098 374 3162 arbor
396 3096 440 3162 ita
463 3103 499 3162 ut
521 3097 663 3161 uolucres
685 3095 744 3161 celi
766 3095 899 3162 ueniant
921 3107 953 3161 et
975 3097 1097 3162 abirent
1118 3097 1151 3162 in
1175 3095 1271 3162 ramis
1293 3102 1369 3160 eius.

369 3199 445 3262 XL.
470 3195 496 3236 ”
521 3197 628 3262 Aliam
650 3199 828 3284 parabolam
850 3199 974 3264 locutus
1002 3206 1048 3264 est
1075 3199 1132 3264 eis.
1163 3198 1267 3264 simile
1296 3207 1342 3263 est
1376 3222 1507 3281 regnum

283 3303 441 3366 caelorum
464 3299 618 3365 fermento
646 3301 728 3385 quod
748 3309 912 3386 acceptum
930 3300 1045 3366 mulier
1064 3301 1231 3367 abscondit
1251 3300 1285 3364 in
1300 3300 1506 3383 farinamlae]

284 3402 440 3468 mensuris
463 3402 562 3467 tribus
584 3402 682 3467 donec
703 3401 928 3468 fermentatum
962 3410 1010 3469 est
1042 3403 1123 3471 totu.
1143 3403 1170 3440 ³⁴
1191 3405 1269 3468 haec
1295 3403 1400 3468 omnia
1428 3403 1510 3468 locu-

284 3514 335 3571 tus
357 3511 405 3569 est
427 3504 477 3570 ihs
500 3502 534 3568 in
555 3504 710 3591 parabolis
732 3505 772 3570 ad
793 3507 910 3571 turbas.
934 3513 966 3572 et
989 3506 1057 3572 sine
1075 3506 1231 3593 parabolis
1246 3529 1309 3570 nou
1323 3505 1510 3590 loquebatur

283 3607 331 3670 cis
343 3604 370 3645 ³⁵
382 3615 418 3672 ut
440 3606 624 3694 impleretur
649 3607 732 3692 quod
758 3607 878 3674 dictum
895 3615 943 3674 est
957 3632 1014 3695 psr
1027 3607 1180 3695 profetam
1197 3607 1354 3673 dicentem
1370 3605 1509 3692 aperiam

283 3708 317 3772 in
332 3710 488 3795 parabolis
503 3732 536 3774 cs
553 3733 657 3774 meum
673 3711 843 3776 eructuabo
858 3712 1009 3777 absconsa
1024 3718 1097 3776 ante
1112 3709 1368 3776 constitutionem
1388 3708 1507 3774 mundi.

283 3807 312 3847 ”
334 3809 424 3876 Tunc
446 3809 566 3877 dimisit
588 3813 682 3877 turba
704 3813 793 3876 uenit
815 3812 848 3876 in
880 3813 1008 3877 domum
1038 3819 1070 3878 et
1099 3815 1297 3878 accesserunt
1326 3810 1366 3875 ad
1393 3811 1433 3876 eri
1466 3811 1510 3876 di·

282 3911 397 3997 scipuli
420 3914 487 3978 eius
510 3913 649 3979 dicentes
671 3937 782 3978 enarra
803 3915 893 3980 nobis
916 3915 1095 4001 parabolam
1124 3914 1220 3980 tritici
1249 3920 1281 3979 θῖ
1311 3913 1509 3979 zizaniorum

282 4013 359 4098 agri.
385 4011 411 4052 ³⁷
434 4016 488 4080 Ad
516 4016 567 4080 ihs
595 4017 784 4103 respondens
812 4017 864 4082 ait.
897 4017 952 4103 qui
981 4017 1149 4083 seminauit
1175 4015 1259 4082 bcnd
1290 4038 1399 4083 semen
1424 4015 1508 4081 filius

284 4115 420 4182 hominis
443 4124 497 4184 est.
511 4116 538 4156 ”
549 4141 623 4204 ager
644 4124 749 4184 autem
773 4119 825 4185 bic
848 4121 985 4186 mundus
1006 4120 1123 4185 bonum
1146 4141 1222 4184 uero
1241 4141 1349 4185 semen
1375 4117 1410 4182 hi
1435 4125 1509 4182 sunt

282 4218 329 4282 fili
351 4219 448 4304 regui.
472 4220 594 4285 zizania
617 4230 722 4287 autem
743 4222 802 4286 filii
824 4229 898 4288 suut
922 4221 1091 4307 nequitiae.
1116 4219 1143 4258 ”
1168 4220 1315 4287 inimicus
1330 4227 1435 4286 autem
1451 4220 1505 4303 qui

281 4313 452 4388 seminauit
473 4346 511 4387 ea
533 4323 674 4388 diabolus
697 4333 752 4389 est.
777 4325 887 4390 messis
912 4347 987 4389 uero
1003 4322 1199 4390 consdmatio
1214 4320 1332 4389 saeculi
1348 4330 1404 4387 est.
1427 4343 1507 4386 mes·

282 4447 367 4489 sores
390 4432 495 4490 autem
518 4425 622 4510 angeli
644 4433 726 4490 sunt.
749 4424 778 4462 ⁴⁰
804 4425 896 4491 Sicut
925 4449 999 4511 ergo
1022 4425 1213 4511 colliguntur
1233 4422 1354 4489 zizania
1381 4428 1413 4488 et
1441 4422 1506 4506 igni

282 4526 522 4592 conburuntur.·
539 4527 584 4592 sic
615 4527 675 4594 erit
704 4527 737 4593 in
769 4529 1039 4595 consummatione
1067 4528 1195 4594 saeculi.
1226 4525 1252 4563 ⁴¹
1285 4526 1394 4591 Mittet
1422 4524 1507 4590 fflius

275 4627 420 4694 bominis
443 4630 571 4713 angelos
592 4652 665 4695 suos
694 4640 726 4695 et
752 4631 901 4717 colligent
928 4631 968 4696 de
996 4652 1092 4715 regno
1119 4630 1185 4695 eius
1218 4628 1323 4694 omnia
1352 4628 1506 4694 scandala.
