3467 5192
297 245 317 310 8
719 241 756 306 (c.
778 241 822 307 15)
842 241 1021 307 euangelium
1039 256 1096 294 sec.

297 413 407 480 turbae
436 411 510 499 quia
536 411 676 477 triduum
700 417 748 476 est
775 409 839 476 iam
872 415 1076 496 perseuerant
1108 433 1232 475 mecum
1266 416 1297 475 et
1318 430 1382 474 non
1404 407 1528 474 habent-

298 516 380 602 quod
402 514 600 580 manducent.
624 519 657 578 et
678 511 840 585 dimittere
863 535 916 578 eos
939 511 1062 578 ieiunos
1084 513 1156 578 nolo
1178 534 1219 576 ne
1241 509 1388 576 deficiant
1407 509 1441 574 in
1456 509 1528 574 uia..

298 615 324 656 ⁵³
347 617 468 682 Dicunt
489 623 594 683 autem
617 616 646 681 ei
669 614 816 701 discipuli
838 615 923 680 unde
946 637 1020 700 ergo
1042 614 1076 679 in
1098 615 1222 680 deserto
1244 636 1341 699 panes
1364 619 1467 678 tantos
1485 617 1521 676 ut

297 724 478 784 saturentur
499 718 591 783 turba
624 714 652 753 ³⁴
672 718 717 782 Et
739 717 784 783 ait
806 715 870 782 illis
890 717 952 781 ihs.
986 717 1069 802 quod
1099 739 1194 802 panes
1225 714 1378 800 (b)abetis.
1403 713 1443 778 ad
1472 713 1520 777 illi

296 819 446 886 dixerunt
468 825 586 906 septem
610 826 641 886 et
663 842 779 905 paucos
801 817 976 905 pisciculos.
1002 817 1029 857 ³⁵
1052 820 1098 884 Et
1126 817 1287 904 praecepit
1315 817 1425 882 turbae
1458 816 1518 881 dis·

297 924 431 988 cunbere
453 921 487 987 in
507 920 674 988 ter1a³⁶et
696 921 820 1008 adcepit
842 921 893 985 ihs
915 944 1013 1007 panes
1035 925 1068 987 et
1090 921 1191 1007 pisces
1212 925 1245 985 et
1265 919 1382 1006 gratias
1404 919 1469 1004 egit
1489 922 1520 982 et

296 1023 392 1112 fregit
414 1030 445 1090 et
467 1024 554 1090 dedit
575 1022 738 1110 discipulis
759 1023 824 1088 suis
847 1031 879 1090 ct
900 1023 1047 1110 discipuli
1069 1024 1222 1089 dederunt
1236 1023 1351 1110 populo
1372 1019 1400 1060 ³⁷
1418 1025 1450 1086 et
1473 1042 1529 1084 co»

297 1127 463 1193 mederunt
484 1150 593 1192 omnes
615 1132 647 1192 et
668 1124 799 1191 saturati
820 1132 904 1191 sunt.
925 1132 958 1191 et
980 1126 1064 1211 quod
1085 1125 1300 1191 abundauerat
1321 1125 1360 1189 de
1387 1122 1521 1209 panibus

297 1229 439 1296 tulerunt
461 1236 579 1315 septem
602 1235 722 1315 sportas
745 1229 862 1314 plenas.
888 1225 915 1265 ³⁸
936 1229 1039 1295 Erant
1060 1235 1167 1292 autem
1193 1227 1248 1314 qui
1276 1227 1521 1292 manducauerat

297 1342 432 1417 quatuor
454 1331 555 1398 millia
576 1331 742 1396 hominum
765 1336 854 1396 extra
877 1354 990 1417 pueros
1014 1340 1045 1396 et
1074 1329 1234 1395 mulieres.
1263 1327 1291 1367 ³⁹
1318 1329 1363 1394 Et
1391 1326 1520 1393 dimissa

296 1436 388 1500 turba
435 1433 577 1500 ascendit
627 1432 661 1498 in
713 1432 861 1499 nauicula
910 1441 942 1498 et
985 1434 1075 1499 uenit
1118 1432 1152 1497 in
1196 1431 1311 1498 finibus
1355 1429 1519 1515 magedam

216 1555 219 1558 ·
278 1543 336 1614 ·(e.
373 1537 425 1618 16)
459 1536 470 1573 ¹
500 1536 545 1600 Et
574 1535 775 1603 adcesserunt
807 1535 846 1599 ad
870 1557 942 1600 eum
965 1535 1121 1622 pharisaei
1144 1540 1176 1600 et
1209 1533 1377 1600 sadducaei
1414 1539 1515 1618 temp-

296 1643 399 1703 tantes
422 1644 454 1703 et
475 1644 667 1722 rogauerunt
689 1662 761 1703 eum
784 1643 820 1703 ut
843 1637 969 1723 signum
994 1638 1034 1702 de
1062 1637 1149 1703 caelo
1178 1637 1379 1702 ostenderent
1409 1634 1482 1699 illis.
1507 1631 1519 1669 ‘⁶‘

295 1739 355 1806 Ihs
377 1745 483 1806 autem
505 1739 667 1826 respondit
690 1739 753 1805 illis
775 1739 830 1804 ait.
854 1763 926 1806 cum
948 1763 1017 1805 sero
1040 1738 1266 1804 factumfuerit
1282 1737 1387 1804 dicitis
1404 1736 1526 1803 serenti:

297 1841 364 1907 erit.
389 1841 599 1908 rubicundum
622 1848 669 1908 est
691 1841 776 1908 enim
799 1865 871 1907 cum
899 1826 1035 1907 dubibus
1059 1843 1182 1908 caelum
1200 1839 1212 1877 ³
1233 1847 1265 1907 et
1293 1864 1386 1906 mane
1414 1838 1519 1905 dicitis

295 1951 433 2032 tbpestas
455 1944 517 2010 erit
538 1945 750 2010 rubicundum
773 1953 820 2011 est
843 1944 928 2009 enim
952 1969 1023 2010 cum
1048 1945 1152 2012 tristia
1175 1945 1305 2010 eaelum.
1337 1941 1520 2029 hypocritae

295 2045 433 2113 *faciem
457 2046 536 2112 caeli
557 2045 684 2132 quidem
706 2047 804 2112 nostis
827 2047 993 2112 aestimare
1015 2046 1105 2132 signa
1127 2052 1234 2112 autem
1257 2054 1434 2132 temporum
1456 2067 1519 2109 nou

297 2149 428 2238 potestis
451 2172 648 2234 cognoscere.
682 2148 842 2230 generatio
858 2150 952 2214 mala·
966 2150 1008 2232 [et
1036 2149 1187 2231 adultera]
1217 2147 1311 2234 signd
1342 2145 1466 2233 quaerit
1488 2152 1520 2211 et

296 2252 423 2337 signum
445 2275 508 2317 non
531 2251 657 2318 dabitur
685 2250 716 2316 ei
743 2250 807 2318 uisi
839 2251 933 2337 signd
967 2251 1058 2317 ionae
1090 2251 1270 2339 prophetae.
1324 2251 1370 2316 Et
1401 2248 1529 2315 relictis-

296 2353 359 2420 illis
382 2353 527 2420 abiit⁵et
551 2378 622 2419 cum
644 2354 808 2420 uenissent
830 2353 977 2440 discipuli
1000 2354 1067 2420 eius
1090 2363 1176 2420 trans
1198 2353 1314 2420 fretum
1337 2351 1428 2418 obliti
1446 2355 1519 2416 suut

295 2457 442 2543 discipuli
464 2455 532 2523 eius
555 2481 649 2542 panes
672 2457 825 2543 adcipere.
851 2456 863 2496 ⁶
885 2457 944 2521 Eis
966 2464 1072 2522 autem
1096 2456 1177 2522 dixit
1198 2455 1262 2521 illis
1284 2453 1444 2520 adtendite
1466 2476 1517 2517 no·

294 2559 343 2626 bis
365 2583 384 2624 a
405 2558 559 2626 fermento
581 2559 815 2645 pharisaeorum
838 2565 870 2625 et
892 2560 1149 2626 sadducaeorum.
1180 2558 1192 2597 ⁷
1220 2559 1319 2637 Tunc
1340 2557 1519 2642 cogitabant

294 2661 377 2728 inter
399 2684 432 2728 se
454 2661 593 2727 dicentes
616 2661 691 2747 quia
712 2685 808 2747 panes
824 2686 887 2726 non
903 2662 1094 2749 adcepimus.
1118 2660 1131 2699 ⁸
1159 2660 1283 2746 Quibus
1299 2657 1517 2746 cogitantibus.

295 2763 377 2829 dixit
398 2762 450 2828 ihs
472 2763 549 2848 quid
570 2763 713 2848 cogitatis
736 2763 819 2830 inter
841 2788 898 2830 uos
920 2764 1060 2830 modicae
1074 2763 1148 2830 fidei
1164 2763 1238 2849 quia
1259 2786 1357 2850 panes
1378 2785 1441 2827 non
1463 2762 1517 2825 ha·

293 2865 384 2931 betis.
404 2863 417 2902 ⁹
434 2865 573 2930 nondum
596 2865 814 2932 intellexistis·
831 2887 935 2950 neque
970 2866 1160 2932 meministis
1182 2865 1323 2951 quinque
1345 2888 1463 2951 panum
1485 2863 1518 2927 in

295 2967 437 3052 quinque
459 2967 560 3032 millia
581 2967 746 3032 hominum
769 2974 800 3034 et
823 2968 907 3055 quod
930 2969 1050 3035 cofinos
1066 2968 1251 3055 sumpsistis.
1271 2967 1298 3005 ¹⁰
1311 2990 1415 3052 neque
1429 2970 1525 3052 septe·

294 3093 413 3157 panum
436 3076 467 3135 et
489 3079 623 3154 quatuor
644 3069 745 3135 millia
766 3071 932 3136 hominum
955 3079 986 3138 ct
1012 3073 1096 3156 quod
1127 3078 1247 3158 sportas
1280 3067 1467 3154 sumpsistis.
1493 3066 1518 3103 ¹¹

296 3172 402 3257 Quare
424 3195 488 3236 non
509 3171 693 3258 intellegitis
716 3173 876 3258 quianon
898 3174 937 3238 de
958 3198 1040 3261 pane
1062 3173 1129 3239 dixi
1152 3172 1306 3239 attendite
1328 3196 1347 3236 a
1365 3170 1518 3236 fermento

295 3273 529 3361 pharisaeorum
544 3279 576 3338 et
593 3274 847 3340 sadducaeorum.
873 3274 899 3312 ¹²
922 3276 1016 3342 Tunc
1030 3275 1256 3342 intellexerunt
1271 3275 1421 3360 quianon
1437 3272 1519 3339 dixit

295 3399 313 3441 a
335 3375 491 3440 fermento
516 3376 654 3462 [panum]
678 3377 733 3443 sed
755 3401 774 3442 a
796 3378 938 3443 doctrina
959 3378 1196 3465 pharisaeorum
1218 3383 1249 3443 et
1263 3377 1517 3442 sadducaeorum.

379 3477 544 3543 XLVHI.
580 3477 606 3515 ¹³
639 3479 739 3544 Uenit
769 3486 875 3545 autem
898 3480 950 3545 ihs
980 3481 1014 3545 in
1046 3486 1152 3567 partes
1182 3503 1344 3547 caesareae
1373 3477 1517 3565 philippi.

294 3579 506 3665 interrogabat
538 3579 707 3666 discipulos
730 3604 802 3648 suos
826 3583 933 3647 dicens
956 3607 1049 3668 quem
1072 3607 1123 3648 me
1143 3582 1253 3648 dicunt
1274 3581 1418 3647 homines
1450 3603 1526 3646 esse·

293 3681 393 3746 filium
416 3681 560 3747 hominis.
587 3682 613 3719 ¹⁴
635 3683 690 3747 Ad
712 3683 761 3748 illi
784 3683 933 3750 dixerunt
964 3685 1038 3768 [alii]
1068 3685 1238 3752 iohannem
1261 3683 1429 3770 baptistam
1464 3682 1519 3748 alii

294 3791 400 3849 autem
422 3784 540 3849 heliam
563 3785 618 3849 alii
641 3809 716 3851 uero
728 3785 914 3851 hieremiam
927 3794 983 3853 aut
1004 3812 1102 3852 unum
1116 3812 1156 3853 ex
1173 3786 1344 3875 prophetis.
1375 3784 1402 3822 ¹⁵
1429 3785 1519 3851 Dicit

292 3885 356 3951 illis
379 3885 439 3950 ihs.
463 3909 520 3952 uos
543 3894 650 3951 autem
674 3910 768 3971 quem
791 3912 841 3952 me
854 3912 923 3954 esse
938 3889 1053 3956 dicitis.
1078 3889 1104 3928 ¹⁶
1127 3888 1333 3976 Respondens
1348 3887 1450 3954 simon
1465 3911 1525 3974 pe·

292 3993 359 4054 trus
383 3987 472 4054 dixit.
498 3998 532 4053 tu
555 4012 587 4052 es
610 3990 671 4053 xhs
693 3990 777 4054 filius
800 3991 831 4054 di
858 3990 935 4057 uiui.
962 3988 1415 4079 1⁷Respondensautemibs
1438 3991 1519 4055 dixit

293 4089 332 4154 ei.
355 4091 465 4156 beatus
487 4113 521 4157 es
542 4091 644 4156 simon
666 4091 722 4156 bar
748 4091 821 4157 iona
849 4093 925 4178 quia
954 4119 1023 4160 caro
1050 4100 1082 4160 et
1107 4093 1235 4180 sanguis
1267 4117 1331 4159 non
1364 4091 1519 4158 reuelauit

292 4190 351 4256 tibi
373 4192 427 4257 sed
449 4198 538 4278 pater
560 4217 648 4258 meus
672 4193 727 4278 qui
749 4205 797 4259 est
819 4197 851 4259 in
876 4196 980 4262 caelis.
1007 4194 1034 4234 ¹⁸
1063 4198 1108 4263 Et
1141 4221 1198 4282 ego
1225 4197 1295 4262 dico
1325 4196 1392 4260 tibi.
1416 4204 1452 4260 tu
1486 4216 1526 4259 es-

292 4285 399 4379 pctrus
422 4300 454 4360 et
476 4317 569 4381 super
591 4296 672 4360 hanc
695 4300 816 4382 petram
839 4297 1010 4366 aedificabo
1042 4299 1205 4365 ecclesiam
1234 4303 1391 4364 meamet
1419 4306 1524 4382 portae<

291 4394 408 4460 inferni
430 4419 494 4460 non
505 4397 723 4482 praeualebunt
732 4399 884 4465 aduersus
896 4400 964 4466 eius
973 4404 1008 4481 (l)
1033 4399 1060 4438 ¹⁹
1081 4402 1126 4467 Et
1137 4401 1195 4468 tibi
1211 4403 1293 4467 dabo
1308 4401 1413 4466 claues
1428 4397 1518 4484 regni

292 4497 448 4564 caelorum
472 4505 503 4564 et
526 4521 733 4584 quaecumque
755 4501 905 4586 ligaueris
928 4526 1022 4590 super
1045 4509 1159 4569 terram
1182 4511 1275 4571 eruut
1304 4502 1402 4588 ligata
1430 4507 1462 4566 et
1484 4501 1517 4564 in

291 4598 394 4665 caelis.
419 4609 451 4665 et
473 4623 680 4687 quaecumque
693 4602 825 4669 solueris
848 4627 941 4690 super
964 4614 1079 4671 terram
1102 4612 1196 4672 erunt
1209 4607 1320 4672 solutae
1335 4610 1368 4670 et
1386 4603 1420 4669 in
1448 4626 1520 4670 cae*
