3467 5192
683 272 815 326 lucanum
835 270 874 337 (6.
900 268 939 336 2).
1384 270 1427 336 65

195 444 395 528 requirentes
422 468 504 514 eum.
517 441 587 509 ⁴‘et
619 442 706 508 factu
741 445 789 508 est
820 447 892 527 post
921 439 1027 505 triduo
1060 438 1254 506 inuenerunt
1286 465 1359 507 eum
1393 439 1429 507 in

195 547 317 633 templo
339 547 500 612 sedentem
524 545 557 611 iu
580 544 684 610 medio
707 543 836 610 doctord
860 541 1043 608 audientem
1070 540 1142 607 illos
1171 548 1204 607 et
1230 542 1426 630 interrogari·
1481 611 1490 628 ,

196 655 263 714 tem
286 671 348 714 eos.
395 647 432 686 11
466 647 645 734 Stupebant
666 653 772 712 autem
799 667 908 711 ornnes
937 643 993 730 qui
1026 643 1197 710 audiebant
1229 669 1303 711 eum
1336 670 1432 733 super

196 750 399 837 prudentiam
423 748 473 836 [etl
497 748 655 836 responsis
678 748 755 814 eius.
770 746 797 785 ⁴⁸
809 754 842 813 et
863 747 933 812 uiso
945 747 1000 813 illo
1011 753 1211 832 expauerunt
1225 755 1258 813 et
1269 746 1354 814 dixit
1369 773 1433 814 ma·

197 859 248 918 ter
270 851 338 918 eius
360 853 399 916 ad
420 853 521 917 illum.
544 851 590 916 fili
613 851 688 937 quid
710 850 815 916 fecisti
836 850 927 916 nobis
948 849 995 915 sic
1018 845 1100 934 [ecce
1122 855 1212 936 pater
1222 857 1296 917 tuus
1311 856 1345 916 et
1360 855 1428 937 ego]

197 955 342 1020 dolentes
365 963 397 1019 et
419 953 518 1020 tristis
546 955 756 1041 querebamus
789 960 830 1019 te.
876 950 905 989 ⁴⁹
947 953 992 1017 st
1024 950 1070 1018 ait
1102 952 1142 1016 ad
1173 952 1242 1020 illos
1271 953 1348 1038 quid
1382 962 1430 1021 est

198 1057 284 1141 quod
307 1055 486 1142 querebatis
508 1079 559 1132 me
582 1055 731 1122 nesciatis
754 1059 830 1140 quia
853 1055 886 1118 in
909 1053 1008 1140 patris
1037 1052 1102 1119 mei
1129 1060 1254 1141 oportet
1279 1080 1428 1125 measse.

198 1157 272 1224 5161
293 1158 356 1244 ipsi
377 1181 441 1222 non
464 1158 692 1224 intellexeruut
714 1159 847 1222 uerbum
871 1157 955 1240 quod
977 1156 1101 1222 locutus
1123 1157 1231 1222 estad
1254 1157 1334 1224 illos.
1356 1158 1383 1198 ⁶¹
1399 1165 1432 1226 et

199 1261 363 1326 descendit
385 1283 458 1327 cum
480 1259 545 1326 illis
568 1266 600 1325 ct
623 1259 711 1326 uenit
733 1261 885 1325 nazareth
907 1265 939 1324 et
960 1265 1029 1324 erat
1050 1258 1193 1324 subditus
1215 1258 1286 1325 illis.
1311 1266 1344 1326 et
1364 1285 1432 1326 ma·

198 1369 249 1429 ter
270 1363 339 1428 eius
361 1364 567 1430 conseruabat
588 1362 695 1428 omnia
717 1363 814 1427 uerba
836 1363 916 1427 haec
938 1360 972 1425 in
994 1361 1086 1426 corde
1108 1359 1260 1428 11161161
1285 1361 1337 1427 ihs
1359 1386 1429 1450 pro·

197 1465 326 1532 liciebat
348 1465 536 1551 sapientiam
560 1472 592 1530 et
613 1463 715 1550 gratia
737 1464 821 1549 apud
843 1463 896 1528 dm
919 1470 952 1528 et
973 1462 1125 1529 homines.

291 1569 329 1635 V.
353 1569 391 1646 (6.
415 1569 448 1648 3)
493 1565 505 1602 1
548 1567 646 1632 Anno
668 1572 775 1632 autem
798 1564 1035 1651 quintodecimo
1057 1564 1316 1652 imperii'tiberii
1344 1592 1429 1634 cesa·

200 1668 245 1736 ris
267 1674 454 1756 procurante
476 1667 585 1755 pontio
607 1669 705 1755 pilato
728 1668 843 1733 iudaea
865 1669 1023 1733 tetrarcha
1045 1673 1151 1733 autem
1166 1668 1300 1753 galileae
1315 1671 1432 1737 herode

199 1770 344 1859 philippo
367 1777 473 1836 autem
496 1771 592 1838 fratre
615 1770 684 1836 eius
705 1772 864 1836 tetrarcha
886 1770 1027 1835 ituraeae
1049 1775 1082 1835 et
1096 1770 1316 1837 trachonitidis
1330 1773 1431 1859 regio·

201 1873 252 1939 nis
274 1879 307 1939 et
328 1873 451 1958 lysania
473 1874 610 1940 abilinae
633 1871 884 1939 tetrarcha²sub
905 1870 1100 1958 principibus
1123 1875 1318 1940 sacerdotum
1345 1896 1434 1941 anna

201 1985 235 2043 et
257 1976 369 2062 caipha
391 1975 509 2041 factum
533 1982 581 2041 est
603 1977 734 2041 uerbum
756 1975 812 2039 dni
834 1995 930 2061 super
951 1973 1121 2040 iohannem
1144 1976 1308 2042 zachariae
1330 1978 1432 2043 filium

202 2081 237 2146 in
260 2079 393 2144 deserto.
440 2075 451 2114 ³
495 2078 540 2142 Et
567 2077 658 2143 uenit
689 2077 723 2142 in
755 2100 881 2143 omnem
914 2076 1044 2161 regione
1077 2077 1215 2144 iordanis
1248 2079 1434 2165 praedicans

201 2181 393 2269 baptismum
417 2179 728 2266 poenitetiae⁴sicut
749 2180 901 2265 scriptum
924 2187 973 2246 est
995 2179 1027 2243 in
1049 2178 1129 2245 libro
1145 2182 1314 2246 uerborum
1329 2182 1433 2248 esaiae

202 2285 382 2371 prophetae.
407 2307 471 2348 uox
494 2282 659 2348 clamantis
684 2281 716 2347 iu
740 2282 863 2348 deserto
887 2288 994 2368 parate
1017 2281 1102 2346 uiam
1127 2282 1193 2346 dni
1207 2290 1308 2348 rectas
1338 2283 1433 2351 facite

201 2385 332 2452 semitas
354 2384 560 2450 eius⁵omnis
583 2384 677 2450 uallis
699 2385 873 2471 inplebitur
895 2392 928 2450 et
949 2383 1052 2449 omnis
1075 2407 1164 2450 mons
1191 2390 1224 2450 et
1253 2384 1340 2451 collis
1373 2387 1433 2452 hu·

203 2488 380 2554 miliabitur
401 2493 434 2552 et
456 2496 549 2554 erunt
570 2511 669 2574 praua
692 2487 725 2552 in
749 2485 868 2552 directa
895 2492 928 2552 et
955 2509 1066 2572 aspera
1093 2486 1124 2550 in
1156 2486 1225 2552 uias
1253 2488 1434 2572 planas⁸et

204 2591 326 2658 uidebit
353 2590 455 2656 omnis
482 2613 552 2655 carc
585 2590 754 2655 salutarem
788 2589 828 2654 di.
877 2589 889 2627 1
932 2587 1068 2654 Dicebat
1101 2612 1174 2674 ergo
1206 2588 1360 2657 iohannes
1393 2592 1433 2656 ad

203 2697 312 2761 turbas
335 2716 397 2778 que
419 2691 550 2758 exibant
570 2699 607 2758 ut
631 2693 870 2778 baptizarentur
898 2692 937 2756 ab
965 2691 1030 2756 illo.
1065 2691 1226 2777 generatio
1250 2691 1432 2778 uiperarum

203 2796 275 2884 quis
298 2795 435 2862 ostendit
456 2793 546 2860 uobis
568 2794 677 2880 fugere
701 2796 739 2859 ab
762 2792 810 2858 ira
831 2799 977 2858 uentura.
991 2791 1110 2859 ⁸facite
1133 2817 1206 2879 ergo
1229 2793 1350 2862 fructus
1365 2795 1432 2878 dig·

203 2925 261 2966 nos
284 2897 479 2986 penitentiae
502 2903 535 2961 et
555 2921 596 2962 ne
621 2896 788 2983 coeperitis
817 2894 923 2963 dicere
952 2902 1075 2982 patrem
1107 2898 1260 2962 habemus
1281 2899 1433 2965 habraha.

202 3002 274 3068 dico
302 3000 392 3066 uobis
422 2999 496 3083 quia
524 3005 636 3083 potens
665 3005 713 3064 est
742 2999 778 3062 ds
805 2999 844 3062 de
874 2997 1031 3084 lapidibus
1064 2997 1134 3064 istis
1166 2999 1318 3065 suscitare
1350 3000 1433 3066 filios

205 3103 345 3188 [abraha]
369 3101 507 3168 istrahel.
553 3100 566 3138 ⁹
607 3102 677 3165 Iam
702 3101 786 3166 enim
810 3100 929 3166 securis
951 3100 992 3164 ad
1013 3099 1149 3165 radicem
1171 3102 1317 3165 arborum
1331 3101 1436 3187 posita

203 3213 262 3274 est.
307 3204 422 3272 Omnis
445 3226 517 3288 ergo
539 3204 630 3268 arbor
652 3227 712 3269 non
738 3201 857 3268 faciens
885 3201 1023 3268 fructum
1053 3203 1192 3286 [bonum]
1214 3204 1380 3269 excidetur
1402 3210 1435 3269 et

204 3309 239 3374 in
272 3308 378 3392 ignem
413 3304 565 3371 mittatur.
611 3304 639 3342 ¹⁰
692 3306 736 3370 Et
768 3304 1008 3390 interrogabant
1040 3328 1113 3369 eum
1147 3307 1258 3372 turbae
1295 3306 1435 3372 dicentes

203 3411 283 3498 quid
305 3409 458 3474 faciemus
471 3406 695 3494 llrespondens
718 3414 792 3472 aule
815 3407 940 3472 dicebat
962 3406 1027 3472 illis
1049 3407 1104 3491 qui
1126 3410 1222 3474 habet
1247 3409 1325 3475 duas
1353 3408 1436 3474 tuni-

205 3537 257 3579 cas
280 3511 334 3577 det
355 3534 419 3576 non
442 3510 571 3575 habenti
594 3510 703 3595 etqui
725 3510 941 3574 babetbouas
967 3532 1053 3575 escas
1081 3508 1177 3576 faciat
1207 3510 1361 3576 similiter.
1411 3509 1436 3548 ¹¹

205 3615 374 3681 Uenerunt
396 3618 502 3678 autem
526 3618 558 3677 et
580 3611 739 3698 publicani
762 3619 799 3676 ut
819 3611 1057 3697 baptizarentur
1079 3617 1110 3676 et
1125 3612 1274 3677 dixerunt
1289 3614 1329 3677 ad
1343 3613 1436 3677 illum

207 3716 358 3803 magister
379 3713 455 3799 quid
478 3713 630 3780 faciemus
644 3712 669 3750 11
682 3713 721 3778 ad
743 3713 798 3778 ille
821 3712 905 3777 dixit
926 3711 1007 3777 nihil
1029 3713 1166 3800 amplius
1189 3715 1273 3800 quod
1301 3714 1437 3801 exigatis

205 3843 302 3905 quam
326 3817 409 3901 quod
431 3815 637 3882 constitutum
664 3822 714 3880 est
735 3814 834 3881 uobis.
888 3814 916 3851 ¹⁴
958 3815 1200 3900 Interrogabant
1226 3825 1333 3882 autem
1362 3840 1436 3882 eum

206 3928 240 3985 61
260 3918 380 3984 milites
402 3916 542 3984 dicentes
565 3918 641 4004 quid
663 3918 815 3984 faciemus
839 3926 872 3982 et
894 3941 959 3982 nos.
984 3925 1016 3982 et
1039 3916 1084 3983 ait
1106 3917 1170 3983 illis
1191 3919 1353 3984 neminem
1367 3942 1438 3985 con·

207 4020 335 4088 cutiatis
358 4043 461 4104 neque
483 4020 675 4086 calumniam
698 4019 821 4085 faciatis
845 4025 877 4084 et
901 4019 1044 4086 contenti
1064 4025 1165 4086 estote
1187 4019 1354 4107 stipendiis
1384 4045 1437 4086 ue

206 4124 289 4191 stris.
336 4121 363 4158 11
405 4122 621 4189 Existimante
647 4130 753 4189 autem
782 4123 900 4208 populo
929 4127 962 4186 et
991 4122 1201 4207 cogitantibus
1228 4123 1374 4188 omuibus
1403 4123 1438 4188 in

207 4225 353 4291 cordibus
375 4224 441 4290 suis
464 4225 502 4290 de
524 4225 661 4290 iohanne
683 4247 724 4289 ne
746 4224 828 4290 forte
850 4222 919 4310 ipse
943 4230 991 4290 est
1013 4229 1083 4309 xps.
1129 4223 1156 4263 ¹⁶
1199 4225 1377 4312 Respondit
1392 4224 1438 4291 io·

207 4329 329 4392 hannes
351 4326 458 4392 dicens
481 4324 635 4394 omnibus.
661 4350 717 4412 ego
740 4327 868 4411 quidem
892 4350 949 4392 uos
971 4349 1054 4410 aqua
1075 4327 1201 4414 baptizo
1223 4327 1256 4392 in
1272 4326 1437 4414 paeniten-

204 4429 279 4494 tiam
305 4428 395 4494 uenit
417 4433 523 4494 autem
546 4428 658 4495 fortior
676 4453 727 4494 me
743 4430 833 4496 cuius
849 4453 911 4494 non
928 4453 998 4494 sum
1014 4429 1128 4513 dignus
1144 4430 1357 4496 calceamenta
1372 4451 1440 4515 por-

203 4536 271 4598 tare
286 4531 354 4616 ipse
376 4555 434 4598 uos
448 4530 621 4618 baptizabit
636 4529 669 4595 in
690 4531 749 4617 spir
766 4536 818 4598 seb
834 4536 866 4596 et
883 4529 951 4616 igni
964 4530 1036 4597 1161
1050 4531 1262 4597 uentilabrum
1284 4530 1319 4596 iu
1342 4554 1439 4596 manu

205 4634 274 4700 eius
296 4640 328 4700 et
351 4634 498 4720 purgabit
519 4635 644 4698 haream
670 4657 758 4700 suam
783 4639 814 4699 et
837 4633 1040 4719 congregabit
1062 4634 1204 4701 triticum
1227 4634 1260 4700 in
1290 4636 1440 4699 horreum

362 4753 413 4798 sod.
428 4752 490 4798 corb.
1268 4741 1285 4790 5
