3467 5192
673 269 807 320 lucanum
821 268 858 332 (c.
881 268 935 333 14).
1378 266 1422 329 85

190 440 249 508 ³et
270 440 462 527 respondens
485 440 536 503 ihs
566 437 648 504 dixit
677 439 716 504 ad
747 437 943 525 legisperitos
977 444 1008 503 et
1041 436 1221 523 pharisaeos
1253 436 1361 504 dicens
1394 435 1421 500 si

188 543 265 610 licet
290 543 418 608 sabbato
441 563 557 607 curare.
571 540 634 606 ⁴ad
668 541 713 605 illi
747 549 924 608 tacuerunt.
968 542 1044 626 Ipse
1077 562 1153 604 uero
1189 539 1420 625 adprehensum

190 669 263 712 eum
286 643 411 710 sanauit
433 669 469 710 ac
492 643 613 710 dimisit
634 643 734 709 illum.
749 643 806 709 ⁵et
828 643 910 708 dixit
932 643 971 708 ad
993 642 1062 708 illos
1085 641 1175 708 cuius
1198 649 1340 706 uestrum
1363 641 1421 706 asi-

190 770 251 816 nus
273 753 329 813 aut
350 747 453 827 bus(l)
476 746 510 811 in
525 752 621 832 puteo
636 747 721 813 cadit
735 753 768 812 et
782 769 844 811 non
861 745 1012 812 continuo
1027 746 1165 809 extrahit
1180 743 1271 807 illum
1288 743 1340 808 die
1355 746 1422 809 sab

189 848 324 918 bsti⁶et
346 873 409 915 non
432 855 576 935 poterant
598 848 638 912 ad
659 850 719 915 hec
740 849 930 934 respondere
962 846 1020 912 illi.
1067 846 1079 885 ²
1123 846 1281 912 Dicebant
1313 855 1420 914 autem

192 961 225 1021 et
247 953 286 1018 ad
317 951 470 1018 inuitatos
502 951 682 1038 parabolam
716 949 885 1016 intendens
918 950 1075 1036 quomodo
1100 950 1218 1037 primos
1250 949 1422 1015 discubitos

192 1054 350 1141 eligebant
373 1053 481 1120 dicens
503 1053 543 1119 ad
566 1051 744 1119 illcs⁸cum
768 1052 924 1118 inuitatus
947 1053 1018 1137 quis
1040 1052 1138 1119 fuerit
1160 1054 1200 1119 ad
1228 1051 1357 1138 nuptias
1379 1057 1423 1116 nb

191 1158 357 1224 discunbat
378 1155 413 1222 in
434 1156 536 1244 primo
558 1155 591 1221 in
615 1162 681 1221 loco
704 1179 744 1220 ne
766 1154 848 1220 forte
877 1155 1060 1222 honoratior
1087 1163 1120 1221 te
1148 1156 1192 1222 sit
1220 1160 1351 1222 uocatus
1365 1153 1423 1220 9et

191 1259 346 1325 adcedens
369 1259 424 1344 qui
447 1266 480 1325 te
505 1259 557 1341 [et]
585 1258 677 1323 illum
705 1257 833 1324 uocauit
867 1257 951 1322 dicat
984 1258 1042 1323 tibi
1078 1261 1118 1324 da
1147 1259 1223 1324 huic
1255 1260 1359 1324 locum
1389 1267 1423 1322 et

190 1369 267 1428 tunc
288 1361 445 1448 incipiens
468 1381 537 1425 cum
561 1361 673 1426 rubore
695 1360 903 1425 nouissimum
927 1366 1029 1425 locum
1052 1368 1169 1426 tenere.
1207 1359 1234 1398 ¹⁰
1270 1359 1333 1426 Sed
1349 1383 1421 1425 cum

191 1471 321 1531 uocatus
344 1462 441 1530 fueris
465 1463 545 1529 uade
568 1465 715 1529 recumbe
738 1463 771 1528 in
794 1462 969 1528 nouissimo
990 1463 1058 1528 lccc
1080 1470 1117 1529 ut
1139 1464 1177 1529 οὐ
1209 1464 1335 1529 uenerit
1366 1461 1421 1548 qui

190 1575 222 1633 te
244 1565 397 1632 inuitauit
418 1565 503 1630 dicat
524 1565 584 1631 tibi
606 1565 706 1631 amice
729 1565 846 1630 adcede
869 1565 1022 1651 superius.
1047 1576 1123 1631 tunc
1146 1565 1207 1632 erit
1237 1565 1295 1630 tibi
1323 1565 1424 1649 gloria
1485 1574 1490 1581 ’

191 1693 296 1735 coram
318 1668 412 1734 simul
435 1667 671 1734 discfibentibus
686 1666 711 1704 ¹¹
724 1667 799 1750 quia
821 1669 925 1732 omnis
947 1669 1003 1754 qui
1033 1692 1066 1734 se
1094 1671 1214 1733 exaltat
1241 1667 1421 1732 humiliabi·

191 1783 244 1836 tur
265 1780 297 1837 et
319 1770 374 1858 qui
396 1794 429 1835 se
452 1770 601 1835 humiliat
623 1770 821 1836 exaltabitur.
868 1768 895 1806 ¹²
950 1771 1085 1836 Dicebat
1117 1779 1223 1837 autem
1258 1770 1423 1835 inuitatori

191 1898 262 1940 cum
285 1873 363 1939 facis
386 1874 553 1960 prandium
577 1879 631 1938 aut
654 1877 733 1938 cena
755 1873 820 1938 noli
844 1897 956 1938 uocare
972 1873 1089 1938 amicos
1104 1883 1175 1939 tuos
1190 1895 1294 1956 neque
1308 1873 1422 1937 fratres

191 1986 262 2042 tuos
283 2000 387 2061 neque
411 1981 558 2061 cognatos
580 1999 685 2060 neque
707 1975 830 2040 uicinos
857 1999 961 2061 neque
992 1974 1109 2040 diuites
1143 1999 1183 2038 ne
1212 1975 1293 2041 sorte
1325 1983 1357 2040 te
1390 1981 1424 2040 et

137 2081 138 2084 ’
191 2078 252 2166 ipsi
276 2077 452 2144 reinuitent
474 2085 507 2142 et-
537 2080 592 2142 fiat
624 2077 682 2143 tibi
715 2077 883 2143 retributio
894 2077 921 2115 ¹³
932 2078 987 2144 sed
1021 2101 1093 2144 cum
1126 2077 1204 2144 facis
1236 2077 1423 2144 conuiuium

191 2203 270 2247 uoce
291 2202 447 2267 pauperes
469 2180 588 2246 debiles
611 2181 716 2246 clodos
746 2185 778 2245 et
811 2203 919 2246 caecos
933 2179 960 2217 ¹⁴
969 2189 1001 2244 et
1034 2183 1145 2246 beatus
1177 2181 1239 2246 eris
1272 2181 1421 2264 quoniam

191 2306 254 2348 non
277 2283 423 2364 habe(n)t
445 2282 618 2348 retribuere
640 2281 699 2349 tibi
722 2281 915 2348 retribuetur
936 2291 1041 2349 autem
1073 2282 1130 2347 tibi
1161 2283 1194 2346 in
1223 2281 1421 2348 resurrectio-

191 2409 263 2450 nem
287 2383 450 2450 iustcrum.
498 2383 524 2423 ¹⁶
568 2385 659 2450 Haec
682 2409 752 2449 cum
776 2384 916 2450 audisset
942 2384 1071 2468 quidam
1100 2386 1141 2449 de
1173 2383 1268 2450 simul
1298 2383 1421 2449 discun-

191 2486 337 2553 bentibus
360 2487 442 2552 dixit
464 2487 511 2552 illi
533 2489 643 2553 beatus
665 2486 720 2573 qui
748 2486 931 2553 maducabit
962 2510 1077 2573 panem
1113 2487 1145 2551 in
1177 2509 1273 2572 regno
1306 2487 1348 2552 di.
1395 2485 1424 2524 ¹⁶

191 2590 245 2655 Ad
267 2589 335 2676 ipse
359 2589 440 2655 dixit
462 2591 491 2654 ei
514 2590 608 2655 homo
632 2589 760 2673 quidam
783 2589 860 2654 fecit
881 2593 962 2655 cena
984 2613 1131 2674 magnam
1156 2597 1187 2655 et
1202 2587 1330 2655 uocauit
1344 2590 1423 2653 mul-

190 2697 247 2758 tos.
263 2691 288 2730 ¹⁷
300 2698 332 2756 et
354 2691 442 2756 misit
462 2715 589 2757 seruum
613 2715 703 2756 suum
728 2693 805 2756 hora
828 2715 946 2757 coenae
961 2699 998 2756 ut
1012 2691 1133 2757 diceret
1151 2691 1295 2756 inuitatis
1312 2690 1423 2757 uenite

191 2794 254 2858 iam
277 2803 421 2880 paratum
445 2801 501 2860 est.
517 2792 543 2831 ¹⁸
555 2801 587 2858 et
611 2801 783 2880 coeperunt
805 2817 914 2860 omnes
937 2793 1033 2860 simul
1061 2818 1211 2860 excusare
1239 2819 1273 2859 se
1300 2794 1423 2880 primus

192 2896 274 2962 dixit
298 2896 336 2962 ei.
361 2895 465 2960 uillam
491 2896 552 2962 emi
577 2903 609 2961 et
631 2919 758 2962 necesse
780 2897 881 2961 habeo
903 2897 991 2961 exire
1014 2904 1046 2962 et
1066 2897 1176 2962 uidere
1199 2897 1281 2961 illam
1304 2906 1424 2982 rogote

191 3001 271 3064 habe
294 3023 345 3063 me
368 3007 562 3066 excusatum.
610 2996 636 3035 ¹⁹
680 3001 725 3065 Et
746 2999 828 3063 alter
849 2999 940 3064 dixit.
965 3000 1038 3084 iuga
1068 2999 1161 3064 boum
1195 3000 1258 3064 emi
1280 2999 1423 3084 quinque

192 3109 223 3168 et
245 3125 282 3167 ec
304 3102 435 3188 probare
458 3102 513 3166 illa
535 3102 645 3166 uenire
669 3109 700 3166 et
722 3100 793 3166 ideo
816 3124 880 3166 non
901 3124 1028 3187 possum
1042 3099 1113 3167 ²⁰et
1134 3102 1214 3166 alius
1245 3100 1325 3164 dixit
1346 3125 1422 3166 uxo·

191 3227 257 3269 rem
284 3205 363 3292 duxi
393 3212 424 3269 et
456 3203 527 3269 ideo
561 3227 624 3268 non
657 3227 784 3290 possum
819 3203 940 3270 uenire.
986 3202 1012 3240 ²¹
1055 3205 1100 3270 Et
1132 3227 1277 3268 reuersus
1310 3227 1423 3268 seruus

191 3306 358 3372 nunciauit
380 3307 458 3371 haec
480 3306 553 3371 dms
584 3330 650 3371 suo.
696 3307 787 3372 Tunc
821 3307 922 3372 iratus
954 3305 1182 3392 paterfamilias
1215 3305 1298 3371 dixit
1330 3329 1424 3370 seruc

194 3432 261 3474 suc.
285 3409 337 3474 exi
361 3410 423 3474 cito
446 3407 479 3473 in
501 3409 615 3494 plateis
644 3418 673 3474 et
705 3409 785 3474 uicis
808 3409 948 3474 ciuitatis
983 3417 1015 3474 et
1047 3432 1201 3496 pauperes
1234 3433 1270 3474 ac
1304 3409 1426 3474 debiles

192 3535 280 3577 cecos
302 3519 335 3576 et
356 3511 461 3576 clodos
483 3510 629 3577 introduc
650 3512 722 3576 huc.
737 3510 763 3547 ⁹2
778 3518 809 3579 et
831 3511 878 3577 ait
898 3535 1010 3577 seruus
1032 3511 1151 3578 factum
1174 3524 1222 3576 est
1248 3512 1310 3576 dire
1342 3511 1426 3575 sicut

192 3613 344 3700 inperasti
367 3619 399 3677 et
422 3612 523 3678 adhuc
547 3616 714 3694 locutus(l)
744 3621 800 3678 est.
846 3611 873 3650 ‘²³
916 3614 962 3679 Et
983 3614 1028 3678 ait
1061 3614 1131 3677 dms
1165 3637 1266 3679 seruc.
1302 3611 1354 3679 exi
1388 3613 1421 3676 in

191 3715 259 3781 uias
282 3723 315 3782 et
336 3737 446 3801 saepes
469 3722 501 3780 et
523 3715 701 3800 conpellere
723 3715 842 3780 intrare
865 3722 901 3779 ut
928 3714 1089 3801 inpleatur·
1114 3716 1235 3792 (domus
1271 3740 1348 3780 mea.
1396 3714 1423 3752 ²⁴

192 3819 272 3883 Dico
294 3826 401 3883 autem
429 3817 519 3882 uobis
547 3817 630 3904 quod
661 3840 754 3882 nemo
784 3816 925 3884 uirorum
962 3818 1087 3882 illorum
1122 3819 1177 3902 qui
1213 3818 1316 3884 uocati
1349 3828 1424 3883 sunt

191 3923 372 4005 gustabunt.
386 3943 494 3986 cenam
518 3942 631 3985 meam.

275 4024 441 4088 XLVIII.
488 4021 515 4061 ²⁵
557 4022 653 4089 Ibant
675 4028 780 4087 autem
803 4044 876 4087 cum
899 4022 953 4087 illc
975 4024 1085 4088 turbae
1109 4018 1228 4088 multae
1244 4032 1275 4088 et
1291 4047 1422 4088 conuer-

192 4148 243 4190 sus
267 4125 348 4190 dixit
370 4125 409 4189 ad
432 4123 580 4190 illcs²⁶si
603 4123 673 4211 quis
696 4124 787 4189 uenit
808 4130 841 4189 et
863 4147 926 4189 nou
950 4124 1016 4189 odit
1037 4132 1159 4210 patrem
1183 4148 1275 4213 suum
1298 4133 1331 4190 et
1360 4150 1425 4190 ma-

194 4235 272 4293 trem
300 4236 332 4295 et
354 4251 484 4292 uxorem
509 4233 540 4292 et
562 4227 643 4292 filios
666 4235 698 4292 et
719 4226 831 4292 fratres
855 4233 886 4292 et
914 4249 1034 4292 sorores
1059 4228 1161 4292 adhuc
1187 4226 1282 4292 etiam
1317 4227 1424 4292 anima

192 4353 279 4396 suam
304 4354 366 4395 non
390 4335 494 4415 potest
517 4352 605 4394 meus
629 4328 802 4414 discipulus
825 4351 903 4394 esse.
950 4327 977 4366 ²⁷
1020 4329 1065 4394 Et
1088 4329 1228 4413 quinon
1251 4329 1334 4394 tollit
1357 4354 1422 4395 cru·

191 4456 258 4497 cem
280 4455 368 4497 suam
393 4439 425 4496 et
447 4431 537 4496 uenit
560 4438 630 4517 post
651 4455 703 4494 me
727 4454 789 4495 non
812 4437 916 4517 potest
943 4454 1011 4496 esse
1045 4455 1134 4495 meus
1168 4431 1350 4517 discipulus.
1396 4431 1426 4468 2⁸

192 4531 272 4616 Quis
295 4557 335 4598 ex
358 4534 448 4599 uobis
471 4539 580 4599 uolens
603 4541 722 4598 turrem
746 4531 912 4598 aedificare
935 4556 1040 4598 nonne
1070 4534 1157 4619 prius
1186 4534 1323 4614 sedatum
1353 4557 1421 4598 con·

191 4637 317 4721 putauit
339 4643 482 4723 sumptus
505 4637 561 4719 qui
585 4634 752 4700 necessarii
779 4642 854 4700 sunt
880 4633 908 4700 si
938 4637 1034 4700 habet
1067 4635 1107 4700 ad
1140 4637 1424 4701 consummandum
