3467 5192
301 266 344 328 34
740 267 776 332 (c.
797 271 826 333 4)
846 266 1026 333 euangelium
1045 283 1101 320 sec.

302 457 518 520 quaecumque
540 433 601 500 feci
625 436 779 522 numquid
802 436 870 522 ipse
894 445 942 503 est
963 442 1032 523 xps.
1079 435 1107 474 33
1149 435 1310 501 Exierunt
1332 460 1405 521 ergo
1426 438 1465 503 dc
1487 417 1534 504 oi?

300 536 433 602 uitatem
463 544 495 602 et
527 537 700 603 ueniebant
733 540 772 604 ad
805 564 889 606 eum.
935 540 961 578 ³¹
1004 542 1095 606 Inter
1127 541 1205 604 haec
1238 546 1344 604 autem
1376 541 1531 624 rogabant

301 639 395 720 [oum]
418 638 565 726 discipuli
588 639 730 707 dicentes
753 643 841 707 rabbi
864 644 1029 708 manduca.
1075 641 1102 679 33
1144 642 1206 706 Ille
1232 649 1337 707 autem
1371 641 1453 707 dixit
1481 641 1527 707 eis

298 764 356 826 ego
379 741 484 806 cibum
510 743 612 809 habeo
630 744 820 810 manducare
843 768 937 830 quem
962 769 1018 810 uos
1041 769 1103 810 non
1117 744 1214 810 scitis.
1260 742 1286 781 33
1331 744 1529 824 Dioibanttl)

298 866 372 928 ergo
396 843 543 930 discipuli
565 845 648 911 intra
671 846 864 933 semetipsos.
890 847 1045 932 numquid
1067 847 1183 932 aliquis
1205 846 1321 912 adtulit
1337 845 1367 912 ei
1393 846 1525 910 mandu-

232 1026 238 1033 .
298 970 377 1012 care.
392 943 420 982 ³⁴
430 946 508 1012 dicit
530 947 576 1013 eis
598 948 659 1012 ihs.
683 972 772 1014 meus
797 950 884 1016 cibus
907 957 955 1016 est
976 958 1013 1015 ut
1034 949 1147 1015 faciam
1170 950 1366 1014 uoluntatem
1386 947 1455 1014 eius
1471 948 1526 1033 qui

297 1071 348 1113 me
371 1048 458 1113 misit
480 1056 517 1113 ut
538 1050 699 1136 perficiam
723 1075 801 1138 opus
823 1052 901 1117 eius.
948 1051 975 1091 33
1018 1054 1135 1117 Nonne
1157 1075 1214 1117 uos
1236 1050 1341 1116 dicitis
1364 1051 1448 1135 quod
1471 1051 1523 1114 ad·

297 1151 360 1215 huc
383 1155 517 1236 quatuor
540 1177 662 1218 menses
685 1160 760 1217 sunt
783 1163 814 1219 et
837 1154 948 1219 messis
970 1155 1060 1220 uenit
1082 1178 1154 1220 ecce
1177 1155 1247 1220 dico
1265 1154 1363 1218 uobis.
1402 1154 1525 1218 Leuate

296 1258 402 1318 oculos
425 1263 547 1320 uestros
570 1261 601 1320 et
623 1255 699 1320 uide
721 1257 864 1340 regiones
887 1257 963 1342 quia
992 1258 1080 1322 albae
1114 1264 1188 1322 sunt
1221 1256 1285 1320 iam
1318 1255 1356 1320 ad
1390 1277 1523 1319 messem

297 1353 390 1439 ³⁶[et]
415 1357 470 1441 qui
493 1358 585 1422 metit
607 1359 784 1423 mercedem
807 1359 927 1446 adripit
948 1368 980 1424 et
1003 1368 1171 1445 congregat
1193 1358 1331 1424 fructum
1361 1359 1393 1421 in
1423 1357 1522 1422 uitam

295 1466 456 1524 aeternam
480 1469 516 1524 ut
539 1463 570 1525 et
593 1459 650 1544 qui
672 1460 807 1526 seminat
829 1461 924 1526 simul
947 1463 1082 1547 gaudeat
1104 1472 1137 1528 et
1166 1462 1221 1546 qui
1246 1460 1345 1526 metit.
1360 1458 1387 1497 33
1398 1460 1431 1524 in
1465 1461 1525 1523 hoc

296 1565 344 1626 est
366 1560 449 1625 enim
475 1562 607 1627 uerbum
630 1563 775 1628 ueritatis
798 1563 873 1648 quia
896 1565 977 1630 alius
999 1565 1054 1650 qui
1077 1563 1213 1629 seminat
1235 1571 1267 1629 ot
1292 1563 1372 1627 alius
1399 1562 1521 1646 estqui

296 1663 394 1728 metit.
441 1661 469 1700 33
511 1665 581 1749 Ego
604 1665 676 1729 misi
698 1688 755 1730 uos
778 1674 896 1732 metere
919 1667 1001 1751 quod
1025 1691 1082 1732 uos
1106 1689 1168 1732 non
1197 1665 1362 1731 laborastis
1393 1663 1449 1728 alii
1478 1665 1521 1727 la-

294 1766 488 1831 borauerunt
510 1774 541 1832 et
563 1790 620 1832 uos
642 1767 675 1831 in
698 1768 819 1833 labores
843 1792 950 1834 eorum
973 1769 1135 1834 introistis.
1181 1767 1209 1807 33
1251 1769 1305 1832 Ex
1326 1767 1456 1833 ciuitate
1471 1789 1522 1830 au·

293 1877 357 1933 tem
381 1869 437 1932 illa
459 1869 552 1933 multi
576 1869 776 1935 crediderunt
798 1871 832 1935 in
855 1895 929 1936 eum
950 1871 1213 1936 samaritanorum
1234 1879 1362 1957 propter
1389 1870 1522 1934 uerbum

293 1971 436 2036 mulieris
459 1971 673 2037 testimonium
697 1973 894 2058 perhibentis
916 1974 992 2059 quia
1013 1973 1096 2039 dixit
1118 1972 1198 2037 mibi
1220 1973 1326 2038 omnia
1355 1994 1522 2056 quaecum-

293 2096 355 2158 que
376 2071 447 2138 foci.
493 2071 521 2110 ⁴⁰
565 2073 646 2139 Oum
670 2074 834 2140 uenissent
857 2099 930 2160 ergo
953 2076 991 2140 ad
1015 2076 1104 2140 illum
1128 2074 1312 2141 samaritani
1330 2081 1522 2160 rogauenmt

293 2199 366 2241 eum
390 2181 425 2240 ut
446 2175 491 2240 ibi
514 2185 665 2241 maneret.
690 2185 722 2242 et
744 2177 861 2243 mansit
887 2178 931 2243 ibi
961 2179 1022 2244 duo
1057 2178 1144 2262 [dies]
1163 2177 1189 2214 ⁴¹
1209 2183 1242 2243 et
1274 2177 1374 2241 multo
1414 2176 1520 2262 plures

292 2278 494 2344 crediderunt
526 2278 560 2343 in
593 2302 665 2343 cum
700 2288 828 2366 propter
854 2304 1031 2347 sermonem
1059 2281 1136 2346 eius.
1182 2279 1210 2317 ⁴²
1252 2279 1383 2344 Mulieri
1413 2290 1520 2343 autem

291 2379 437 2445 dicebaut
459 2380 533 2466 quia
556 2381 619 2445 iam
643 2405 704 2447 non
728 2390 855 2469 propter
877 2390 964 2448 tuam
994 2384 1133 2468 loquella
1159 2382 1317 2449 credimus
1343 2381 1404 2468 ipsi
1434 2380 1519 2445 enim

292 2482 472 2548 audiuimus
495 2491 527 2548 et
548 2483 665 2549 scimus
688 2484 763 2569 quia
785 2485 836 2550 hio
859 2492 907 2550 est
931 2487 1028 2568 [uere]
1051 2486 1189 2552 saluator
1212 2484 1332 2550 mundi.

375 2585 421 2649 X.
466 2584 493 2623 ⁴³
537 2587 617 2651 Post
640 2587 717 2652 duos
740 2596 846 2652 autem
871 2587 938 2654 dies
961 2588 1040 2654 exiit
1062 2589 1136 2653 inde
1158 2589 1210 2653 ihs
1233 2595 1265 2652 et
1296 2586 1375 2652 abiit
1404 2585 1437 2650 in
1465 2598 1519 2671 ga·v

289 2685 534 2773 lilaeam4⁴ipse
558 2688 642 2754 enim
665 2689 716 2753 ihs
740 2689 958 2756 testimonium
994 2690 1155 2777 perhibuit
1189 2691 1264 2775 quia
1297 2690 1450 2776 propheta
1483 2687 1518 2752 in
1618 2722 1621 2725 ·

288 2812 346 2855 sua
368 2789 470 2876 patria
492 2792 641 2856 honorem
666 2814 729 2856 non
751 2794 854 2858 habet.
867 2792 979 2858 ⁴⁵oum
1002 2816 1076 2878 ergo
1099 2792 1189 2857 uenit
1205 2792 1239 2857 in
1254 2793 1408 2878 galiaeam
1430 2814 1518 2856 exce-

286 2900 403 2979 perunt
426 2891 484 2955 illd
507 2893 634 2977 galilaei
656 2894 799 2960 uniuersi
821 2919 892 2960 cum
915 2895 1071 2960 uidissent
1099 2895 1205 2960 omnia
1234 2919 1314 2980 quae
1345 2893 1421 2960 fecit
1452 2893 1517 2958 hio·

287 2994 444 3061 rosolimis
467 2994 499 3059 in
524 2994 574 3059 die
598 2994 678 3061 festo
702 3008 733 3062 et
755 2997 816 3083 ipsi
843 3019 916 3062 cum
945 3006 1099 3063 uenerant
1132 2997 1166 3062 in
1201 2998 1285 3062 diem
1319 3001 1441 3062 festum.
1488 2995 1517 3034 ⁴⁶

287 3099 387 3164 Uenit
409 3120 482 3181 ergo
505 3098 622 3163 iterum
645 3099 678 3163 in
709 3101 859 3164 chanaam
895 3099 1049 3184 galilaeae
1082 3100 1137 3164 ubi
1170 3099 1246 3165 fecit
1277 3123 1391 3184 aquam
1423 3097 1513 3162 uinr'l.

287 3207 319 3266 et
342 3209 409 3266 erat
437 3200 565 3285 quidam
599 3202 727 3286 regulus
761 3202 850 3266 cuius
883 3203 967 3268 filius
1000 3202 1219 3267 infirmabatur
1252 3203 1474 3289 capharnaum.
1487 3199 1515 3238 ⁴⁷

286 3302 340 3369 hic
362 3327 432 3368 cum
455 3302 595 3368 audisset
618 3303 692 3388 quia
714 3303 766 3367 ihs
788 3303 955 3368 adueniret
977 3327 995 3368 a
1019 3303 1135 3369 iudaea
1165 3304 1199 3369 in
1228 3304 1396 3390 galilaeam
1425 3302 1516 3368 uenit

286 3405 325 3470 ad
349 3429 421 3469 eum
444 3411 476 3469 et
498 3406 626 3490 rogabat
648 3429 720 3470 eum
744 3414 779 3471 ut
801 3406 987 3470 desodderet
1009 3411 1042 3470 ct
1063 3412 1188 3472 sanaret
1209 3408 1309 3471 filium
1342 3406 1410 3471 eius
1438 3404 1516 3471 inci-

285 3506 392 3594 piebat
417 3508 501 3573 enim
524 3507 613 3572 mori.
627 3505 655 3543 ⁴⁸
667 3507 750 3572 dixit
772 3531 845 3594 ergo
868 3507 921 3572 ihs
945 3508 985 3573 ad
1009 3532 1091 3574 oum.
1115 3509 1177 3573 nisi
1205 3509 1295 3595 signa
1312 3514 1345 3574 et
1373 3508 1514 3595 prodigia

285 3609 431 3675 uideritis
454 3633 517 3675 non
540 3609 676 3678 creditis.
720 3607 749 3646 ⁴⁹
802 3611 888 3675 Dicit
925 3612 964 3675 ad
1000 3634 1074 3676 eum
1107 3613 1244 3696 regulus.
1274 3613 1338 3676 dno
1361 3610 1513 3676 descendo

285 3711 372 3798 prius
395 3734 488 3796 quam
513 3711 666 3776 moriatur
688 3735 774 3798 puer.
789 3711 859 3778 ⁵⁰et
881 3718 926 3779 ait
948 3714 1002 3777 ille
1025 3715 1086 3778 ihs.
1118 3715 1198 3778 uade
1216 3714 1300 3779 filius
1322 3722 1397 3780 tuus
1420 3713 1511 3778 uiuit.

285 3822 318 3880 et
340 3814 475 3880 credidit
496 3814 550 3878 ille
573 3815 666 3879 homo
690 3815 825 3879 sermoni
850 3839 943 3900 quem
967 3816 1049 3881 dixit
1072 3816 1101 3881 ci
1124 3817 1176 3881 ihs
1199 3823 1231 3882 et
1259 3815 1344 3881 abiit.
1381 3814 1408 3852 ⁵¹
1441 3817 1512 3880 Iam

284 3924 391 3983 autem
415 3916 624 3980 descendente
647 3939 682 3981 eo
706 3917 790 3981 serui
813 3926 1016 3984 occurrerunt
1038 3919 1068 3984 ei
1092 3928 1124 3984 et
1145 3918 1379 3984 nunciauorunt
1407 3919 1510 3984 dicen-

283 4024 331 4084 tes
354 4019 430 4105 quia
450 4017 535 4082 filius
562 4017 629 4082 eius
657 4019 755 4084 uiuet.
801 4019 828 4059 ⁶²
872 4022 1092 4106 Interrogabat
1125 4044 1198 4106 ergo
1229 4023 1267 4085 ab
1301 4021 1346 4085 eis
1380 4021 1412 4085 in
1447 4043 1511 4105 qua

283 4123 360 4187 hora
383 4120 497 4205 melius
513 4120 633 4185 habuit.
658 4130 690 4187 et
702 4122 850 4188 dixerunt
863 4123 893 4188 ei
905 4123 981 4208 quia
991 4124 1080 4189 herie
1090 4122 1126 4208 (1)
1141 4126 1219 4189 hora
1233 4123 1367 4210 septima
1382 4121 1512 4208 reliquit

282 4248 355 4289 eum
378 4221 484 4288 febris.
530 4221 557 4262 33
602 4222 761 4309 Cognouit
784 4250 856 4311 ergo
878 4236 969 4313 pater
997 4226 1083 4310 [quia
1105 4227 1161 4290 illa
1182 4227 1260 4292 hora
1282 4234 1348 4293 erat
1379 4225 1509 4311 inqua]

282 4325 365 4391 dixit
387 4325 416 4390 ei
439 4325 500 4389 ihs.
523 4326 606 4391 filius
628 4332 704 4392 tuus
727 4328 811 4394 uiuit
833 4337 866 4393 et
887 4329 1022 4393 credidit
1043 4329 1111 4415 ipse
1133 4337 1166 4394 et
1197 4329 1308 4394 domus
1331 4329 1398 4394 eius
1433 4335 1507 4394 totu.

282 4426 310 4466 ⁶⁴
354 4429 427 4493 Hoc
448 4427 562 4494 iterum
587 4430 758 4494 secundum
783 4431 909 4516 signum
930 4430 1007 4497 iecit
1028 4431 1079 4495 ihs
1103 4455 1172 4496 cum
1197 4431 1337 4497 uenisset
1358 4454 1376 4495 a
1396 4431 1508 4496 iudaea

280 4529 314 4594 in
335 4531 512 4616 galilaeam.

365 4634 428 4698 XI.
454 4637 492 4714 (o.
516 4635 549 4715 b)
594 4633 603 4670 ¹
651 4635 727 4700 Post
749 4636 828 4700 haec
851 4643 918 4700 erat
940 4634 1007 4700 dies
1025 4634 1126 4701 festus
1141 4635 1305 4701 iudeorum
1320 4641 1353 4701 et
1367 4637 1509 4702 ascendit
