3467 5192
692 277 817 315 marcum
837 261 876 326 (c.
902 261 941 326 4).
1375 263 1433 328 107

207 431 353 497 seminat.
369 430 394 470 ¹⁵
405 431 439 496 bi
463 439 569 497 autem
593 431 648 518 qni
670 441 745 498 sunt
766 430 851 497 circa
873 431 959 498 uiam
982 431 1097 516 quibus
1114 431 1289 499 seminetur
1304 433 1435 498 uerbum

207 537 242 598 et
264 556 335 598 oum
358 533 517 599 audierint
538 534 629 602 uenit
651 533 783 600 confesti
807 541 932 600 satanas
955 541 988 600 et
1010 534 1113 600 aufert
1134 535 1265 600 uerbum
1289 539 1373 621 quod
1387 556 1435 600 se·

209 633 366 701 minatum
389 635 492 702 estin
515 635 659 703 cordibus
683 659 801 703 eornm.
816 635 843 674 ¹⁶
854 644 887 703 et
909 636 941 700 hi
965 645 1039 702 sunt
1061 636 1115 722 qui
1138 636 1312 704 seminatur
1342 656 1437 724 super

208 743 342 824 petrosa.
368 737 423 823 qui
446 763 517 804 cum
540 739 699 806 audierint
721 740 854 805 uerbum
878 763 949 805 cum
978 740 1093 824 gaudio
1123 739 1287 826 adoipiunt
1319 738 1396 804 illud
1411 739 1436 778 ²⁷

210 846 243 906 et
264 863 327 906 non
350 841 469 908 habent
491 841 525 906 in
547 865 581 908 se
603 842 739 907 redicem
762 843 818 908 sed
840 844 1029 928 temporales
1051 849 1127 908 sunt
1147 842 1262 908 deinde
1287 849 1355 908 orta
1384 842 1437 908 tri·

208 942 370 1009 bulatione
393 949 425 1009 et
446 943 664 1030 persecutione
686 951 813 1032 propter
835 947 968 1012 uerbum
991 952 1023 1011 et
1045 943 1211 1011 confestim
1226 945 1437 1010 scandalizan-

175 1040 180 1046 ’
209 1051 270 1110 tur.
317 1042 344 1081 ¹⁸
386 1046 430 1112 Et
452 1047 507 1112 alii
529 1053 604 1113 sunt
626 1047 680 1133 qui
703 1047 738 1114 in
759 1047 861 1134 spinis
883 1047 1081 1114 seminantur
1103 1047 1138 1112 bi
1165 1052 1240 1114 sunt
1267 1047 1321 1133 qui
1348 1047 1435 1113 audi·

210 1153 269 1213 unt
290 1148 432 1215 uerbum.
448 1147 474 1187 ¹⁹
486 1156 518 1215 et
539 1149 768 1217 sollicitudines
804 1150 909 1217 uictus
931 1157 964 1217 et
991 1149 1216 1217 delectationes
1249 1149 1360 1216 mundi
1392 1149 1438 1215 in·

207 1250 357 1316 cedentes
379 1251 533 1317 suffocant
555 1253 687 1318 uerbum
710 1259 742 1319 et
763 1254 832 1318 sine
854 1253 961 1319 fructu
989 1252 1177 1318 efficiuntur.
1214 1250 1242 1290 ²⁰
1284 1252 1333 1318 Hi
1363 1260 1438 1318 sunt

210 1358 318 1418 autem
340 1351 395 1437 qui
417 1377 512 1440 super
544 1360 659 1421 terram
690 1357 804 1421 bonam
836 1355 1018 1422 ceciderunt
1046 1354 1210 1435 audi(un)t
1241 1357 1372 1420 uerbum
1407 1363 1439 1421 et

206 1453 389 1540 suscipiunt
411 1460 442 1522 et
463 1455 654 1523 fructificant
676 1482 775 1523 unum
803 1457 1023 1543 trigessimum
1055 1481 1153 1523 unum
1183 1457 1437 1542 sexagensimum

212 1579 310 1622 unum
333 1580 409 1623 uero
432 1558 671 1626 centensimum.
686 1559 711 1596 ²¹
724 1567 756 1627 ot
782 1560 907 1627 dicebat
938 1560 1011 1627 illis.
1056 1559 1223 1644 Numquid
1257 1559 1439 1626 accenditur

209 1660 372 1726 lucernam
384 1660 419 1745 (l)
434 1667 467 1726 et
482 1662 539 1726 snb
555 1662 660 1728 modio
676 1670 811 1749 ponatur
826 1668 882 1729 ent
896 1664 953 1728 sub
968 1664 1050 1728 lecto
1068 1667 1175 1728 etnon
1193 1685 1287 1748 supin
1298 1663 1439 1728 candela·

210 1763 302 1827 brum
325 1769 460 1848 ponatur
473 1761 499 1800 2²
511 1786 573 1829 non
597 1765 680 1830 enim
705 1771 753 1832 est
781 1767 965 1831 absconsum
987 1766 1041 1831 sed
1064 1773 1100 1831 ut
1130 1764 1349 1831 manifestetur
1381 1789 1439 1830 nec

211 1863 329 1931 fectum
353 1873 400 1930 est
422 1867 580 1932 occultum
604 1867 659 1933 sed
691 1875 726 1933 ut
755 1867 789 1932 in
824 1869 929 1954 palam
962 1867 1080 1933 ueniat.
1094 1865 1187 1952 28qui
1220 1868 1316 1934 habet
1347 1890 1439 1932 aures

208 1965 328 2032 audiat.

296 2069 379 2136 XII.
427 2069 455 2108 ²4
497 2071 541 2136 Et
563 2071 687 2138 dicebat
708 2072 771 2138 illis
797 2073 858 2137 ihs.
889 2071 997 2139 uidete
1023 2072 1098 2158 quid
1130 2072 1277 2138 audietIs.
1310 2072 1343 2137 in
1378 2096 1440 2157 qna

211 2195 358 2238 mensura
382 2174 484 2238 mensi
513 2173 639 2240 fueritis
672 2175 857 2242 remetietur
892 2175 981 2242 uobis
1014 2182 1048 2242 et
1079 2174 1233 2241 adicietur
1268 2175 1367 2241 uobis.
1413 2174 1440 2214 ²⁵

208 2274 277 2360 Qui
300 2274 385 2341 eninr
407 2277 504 2343 babet
525 2283 558 2342 et
581 2277 707 2343 dabitur
728 2277 777 2344 illi
800 2278 857 2363 qui
879 2285 986 2344 autem
1009 2279 1191 2344 nonhabet
1213 2283 1245 2343 et
1273 2278 1358 2362 quod
1385 2278 1440 2342 ha·

208 2380 264 2444 bet
287 2377 448 2445 auferetur
471 2382 509 2445 ab
532 2380 597 2445 illo.
611 2378 682 2445 ²⁶et
703 2379 835 2447 dicebat.
884 2380 938 2448 Sic
961 2391 1008 2446 est
1029 2404 1161 2466 regnum
1184 2381 1215 2444 di
1242 2380 1441 2464 quemadmo-

212 2483 287 2546 dum
310 2481 338 2546 si
359 2483 453 2548 homo
476 2481 581 2550 mittat
603 2506 711 2548 semen
734 2506 829 2570 super
860 2490 976 2549 terram
989 2482 1061 2549 Ilet
1089 2482 1224 2548 dormiat
1249 2490 1281 2548 et
1309 2489 1442 2568 exurgat

212 2599 302 2650 noete
326 2591 357 2651 et
381 2584 432 2650 die
456 2593 488 2650 et
509 2608 618 2651 semen
640 2585 797 2670 germinet
819 2591 851 2652 et
875 2591 993 2652 crescat
1018 2585 1094 2651 dum
1122 2584 1227 2652 nescit
1253 2584 1307 2651 ille
1320 2583 1347 2622 2⁸
1358 2586 1440 2651 ultro

210 2686 297 2753 enim
320 2694 404 2752 terra
426 2686 595 2754 fructificat
606 2687 744 2774 primum
757 2691 863 2755 erbam
874 2691 910 2771 (l)
922 2688 1038 2754 deinde
1048 2687 1167 2774 spicam
1183 2688 1297 2754 deinde
1311 2688 1441 2773 plenum

213 2789 353 2855 triticum
377 2789 481 2876 spicae
492 2789 519 2827 ²⁹
530 2796 562 2855 et
585 2791 623 2856 cr'r
644 2790 829 2877 produxerit
851 2791 973 2857 fructus
996 2790 1103 2858 statim
1119 2789 1219 2856 mittit
1233 2789 1347 2856 falcem
1363 2812 1438 2874 quo·

208 2892 296 2958 niam
318 2894 421 2959 adstat
442 2893 561 2958 messis.
608 2891 636 2931 ³⁰
677 2893 722 2959 Et
745 2893 868 2960 dicebat
891 2893 943 2959 cui
966 2892 1217 2959 adsimilauimus
1241 2916 1372 2978 regnum
1408 2893 1440 2957 di

214 3000 270 3061 aut
293 2996 327 3060 in
350 3018 445 3079 qnam
468 2996 648 3081 parabolam
672 2996 914 3082 oonparenimus
936 2996 1017 3061 illud
1029 2995 1055 3034 ³¹
1067 2995 1150 3061 sicut
1164 3018 1296 3080 granum
1317 2994 1442 3081 senapis

212 3097 296 3183 quod
319 3120 391 3163 cum
414 3098 604 3164 seminatum
627 3097 729 3187 estin
756 3108 839 3165 terra
867 3098 974 3164 minus
1007 3104 1055 3164 est
1087 3099 1234 3162 omnibus
1265 3096 1440 3162 seminibus

212 3224 293 3285 quae
316 3207 390 3266 sunt
411 3223 508 3287 snper
530 3209 646 3266 terram
659 3199 686 3239 ³²
698 3204 734 3267 fit
756 3201 858 3267 maius
880 3201 1028 3267 omnibus
1049 3201 1209 3266 holeribus
1232 3207 1264 3265 et
1288 3197 1366 3264 facit
1394 3221 1443 3263 ra·

213 3326 280 3368 mos
302 3326 431 3388 magnos
454 3303 500 3370 ita
522 3311 558 3369 ut
580 3304 700 3390 possint
721 3305 778 3370 sub
801 3305 913 3371 umbra
928 3303 996 3369 eius
1019 3326 1094 3369 aues
1128 3300 1207 3368 caeli
1228 3299 1378 3368 habitare.
1415 3299 1442 3338 ³³

214 3404 345 3470 Talibus
369 3405 477 3471 multis
499 3406 656 3492 parabolis
678 3407 866 3491 loquebatur
888 3408 1021 3473 uerbum
1045 3411 1138 3492 prout
1160 3410 1306 3491 poterant
1333 3403 1442 3469 audire

214 3505 242 3543 ³4
250 3507 318 3573 sine
340 3509 488 3594 parabola
510 3516 617 3575 autem
640 3533 702 3574 non
724 3509 912 3595 loquebatur
934 3508 980 3574 eis
1002 3531 1145 3574 seorsum
1168 3512 1274 3573 autem
1306 3506 1442 3592 discipu·

213 3609 253 3675 lis
276 3611 460 3676 exsoluebat
481 3633 544 3678 eos.

298 3713 400 3778 XIII.
427 3711 453 3752 ³⁵
477 3714 521 3778 Ilt
543 3713 587 3780 ait
608 3713 673 3780 illis
696 3715 748 3779 ihs
764 3715 795 3780 in
813 3715 870 3780 illa
884 3715 936 3780 die
951 3738 1023 3780 cum
1039 3737 1108 3779 sero
1125 3717 1207 3778 esset
1222 3711 1340 3777 factum
1357 3721 1442 3778 tran·

214 3837 338 3880 scamus
362 3821 479 3880 contra.
493 3814 521 3854 ³⁶
531 3823 563 3882 et
585 3815 752 3883 dimittunt
776 3819 903 3884 turbam
933 3822 966 3882 et
992 3815 1178 3903 adciperunt
1206 3812 1298 3878 illum
1330 3813 1376 3880 ita
1407 3824 1444 3881 ut

214 3927 281 3984 erat
303 3917 337 3982 in
359 3918 436 3984 naui
458 3926 491 3984 et
514 3919 594 3984 aliae
617 3943 716 3985 naues
737 3921 857 3986 multae
880 3919 975 3986 simul
997 3925 1088 3985 erant
1109 3942 1181 3984 cnm
1195 3917 1260 3982 illo.
1272 3915 1299 3954 ³⁷
1310 3921 1343 3982 et
1362 3917 1445 3982 facta

214 4027 262 4086 est
283 4021 421 4106 procella
442 4044 557 4106 magna
580 4021 670 4086 uenti
693 4029 725 4087 et
747 4023 860 4088 flnctus
884 4021 1030 4088 mlttebat
1051 4020 1085 4084 in
1114 4018 1224 4085 neuim
1253 4018 1299 4084 ita
1325 4027 1368 4083 nt
1400 4019 1444 4083 in-

216 4126 355 4209 pleretur
377 4122 564 4207 naues(l),³8
583 4131 615 4189 et
637 4124 794 4211 eratipse
816 4123 850 4188 in
874 4123 972 4210 puppi
995 4147 1090 4210 snper
1111 4123 1244 4188 cernical
1277 4120 1443 4186 dormiens.

214 4227 259 4291 nt
281 4223 457 4291 excitantes
479 4226 569 4292 illum
593 4225 706 4293 dicunt
727 4226 879 4312 magister
900 4250 963 4292 non
986 4234 1034 4291 est
1061 4225 1119 4290 tibi
1152 4249 1227 4289 cura
1258 4223 1333 4309 quia
1366 4223 1446 4309 peri-

215 4352 285 4394 mus
299 4326 370 4394 ³⁹et
392 4351 549 4413 exurgens
573 4329 773 4395 comminatus
796 4342 844 4395 est
866 4335 963 4394 uento
987 4336 1019 4394 et
1042 4328 1120 4392 mari
1145 4337 1177 4392 et
1208 4325 1291 4392 dixit
1323 4347 1443 4390 ommu-

216 4438 307 4496 tesce.
334 4437 365 4497 et
388 4429 523 4496 cessauit
545 4438 661 4497 uentus
683 4437 715 4496 et
737 4429 819 4496 facta
846 4437 894 4496 est
923 4429 1137 4515 tranquillitas
1169 4453 1290 4514 magna.
1304 4426 1375 4494 ⁴⁰et
1401 4427 1447 4492 ait

217 4530 280 4597 illis
302 4531 379 4619 quid
401 4533 506 4599 timidi
528 4532 605 4599 estis
627 4557 691 4599 non
713 4533 788 4598 dum
811 4535 905 4599 fidem
929 4532 1051 4598 hebetis
1074 4541 1107 4596 et
1128 4532 1305 4597 timuerunt
1332 4530 1445 4597 timore
