<?xml version="1.0" encoding="UTF-8"?>
<!DOCTYPE html PUBLIC "-//W3C//DTD XHTML 1.0 Transitional//EN"
    "http://www.w3.org/TR/xhtml1/DTD/xhtml1-transitional.dtd">
<html xmlns="http://www.w3.org/1999/xhtml" xml:lang="en" lang="en">
 <head>
  <title>
</title>
<meta http-equiv="Content-Type" content="text/html;charset=utf-8" />
  <meta name='ocr-system' content='tesseract 3.04.00' />
  <meta name='ocr-capabilities' content='ocr_page ocr_carea ocr_par ocr_line ocrx_word'/>
</head>
<body>
  <div class='ocr_page' id='page_1' title='image "./codexfcorbeiens00unkngoog_0125.png"; bbox 0 0 3467 5192; ppageno 0'>
   <div class='ocr_carea' id='block_1_1' title="bbox 740 223 1482 303">
    <p class='ocr_par' dir='ltr' id='par_1_1' title="bbox 740 223 1482 303">
     <span class='ocr_line' id='line_1_1' title="bbox 740 223 1482 303; baseline 0.016 -28"><span class='ocrx_word' id='word_1_1' title='bbox 740 239 866 276; x_wconf 82' lang='lat' dir='ltr'>marcum</span> <span class='ocrx_word' id='word_1_2' title='bbox 895 223 932 288; x_wconf 87' lang='lat' dir='ltr'>(c.</span> <span class='ocrx_word' id='word_1_3' title='bbox 961 224 998 287; x_wconf 81' lang='lat'>7).</span> <span class='ocrx_word' id='word_1_4' title='bbox 1363 292 1368 303; x_wconf 40' lang='grc' dir='ltr'>Ι</span> <span class='ocrx_word' id='word_1_5' title='bbox 1421 223 1482 286; x_wconf 83' lang='grc'><strong>113</strong></span> 
     </span>
    </p>
   </div>
   <div class='ocr_carea' id='block_1_2' title="bbox 247 390 1485 1094">
    <p class='ocr_par' dir='ltr' id='par_1_2' title="bbox 247 390 1485 1094">
     <span class='ocr_line' id='line_1_2' title="bbox 247 390 1484 479; baseline -0.004 -17"><span class='ocrx_word' id='word_1_6' title='bbox 247 399 409 479; x_wconf 85' lang='lat' dir='ltr'>imponat.</span> <span class='ocrx_word' id='word_1_7' title='bbox 456 391 482 430; x_wconf 91' lang='grc'>33</span> <span class='ocrx_word' id='word_1_8' title='bbox 525 394 570 458; x_wconf 84' lang='grc' dir='ltr'>Εῖ</span> <span class='ocrx_word' id='word_1_9' title='bbox 592 393 752 479; x_wconf 88' lang='lat' dir='ltr'>adcipiens</span> <span class='ocrx_word' id='word_1_10' title='bbox 775 418 847 459; x_wconf 89' lang='lat' dir='ltr'>eum</span> <span class='ocrx_word' id='word_1_11' title='bbox 877 417 895 457; x_wconf 91' lang='lat' dir='ltr'>a</span> <span class='ocrx_word' id='word_1_12' title='bbox 928 394 1020 459; x_wconf 91' lang='lat' dir='ltr'>turba</span> <span class='ocrx_word' id='word_1_13' title='bbox 1052 404 1171 458; x_wconf 89' lang='lat' dir='ltr'>secreto</span> <span class='ocrx_word' id='word_1_14' title='bbox 1205 415 1362 479; x_wconf 86' lang='lat' dir='ltr'>exspuens</span> <span class='ocrx_word' id='word_1_15' title='bbox 1393 390 1484 458; x_wconf 91' lang='lat' dir='ltr'>misit</span> 
     </span>
     <span class='ocr_line' id='line_1_3' title="bbox 248 493 1483 584; baseline -0.006 -19"><span class='ocrx_word' id='word_1_16' title='bbox 248 498 367 584; x_wconf 88' lang='lat' dir='ltr'>digitos</span> <span class='ocrx_word' id='word_1_17' title='bbox 389 521 461 564; x_wconf 90' lang='lat' dir='ltr'>suos</span> <span class='ocrx_word' id='word_1_18' title='bbox 484 497 518 562; x_wconf 93' lang='lat' dir='ltr'>in</span> <span class='ocrx_word' id='word_1_19' title='bbox 541 495 701 578; x_wconf 30' lang='lat' dir='ltr'>auriculas·</span> <span class='ocrx_word' id='word_1_20' title='bbox 720 503 752 561; x_wconf 92' lang='lat' dir='ltr'>et</span> <span class='ocrx_word' id='word_1_21' title='bbox 773 494 880 581; x_wconf 90' lang='lat' dir='ltr'>tetigit</span> <span class='ocrx_word' id='word_1_22' title='bbox 901 495 1044 581; x_wconf 87' lang='lat' dir='ltr'>linguam</span> <span class='ocrx_word' id='word_1_23' title='bbox 1068 494 1137 562; x_wconf 92' lang='lat' dir='ltr'>eius</span> <span class='ocrx_word' id='word_1_24' title='bbox 1150 493 1178 532; x_wconf 74' lang='lat'>³⁴</span> <span class='ocrx_word' id='word_1_25' title='bbox 1189 503 1222 561; x_wconf 91' lang='lat' dir='ltr'>et</span> <span class='ocrx_word' id='word_1_26' title='bbox 1243 494 1416 582; x_wconf 76' lang='lat' dir='ltr'><strong>respiciens</strong></span> <span class='ocrx_word' id='word_1_27' title='bbox 1448 496 1483 558; x_wconf 91' lang='lat' dir='ltr'>in</span> 
     </span>
     <span class='ocr_line' id='line_1_4' title="bbox 252 596 1484 685; baseline -0.004 -18"><span class='ocrx_word' id='word_1_28' title='bbox 252 601 375 668; x_wconf 89' lang='lat' dir='ltr'>caelum</span> <span class='ocrx_word' id='word_1_29' title='bbox 398 599 555 685; x_wconf 78' lang='lat' dir='ltr'>ingemuit</span> <span class='ocrx_word' id='word_1_30' title='bbox 577 607 609 663; x_wconf 92' lang='lat' dir='ltr'>et</span> <span class='ocrx_word' id='word_1_31' title='bbox 631 597 676 663; x_wconf 90' lang='lat' dir='ltr'>ait</span> <span class='ocrx_word' id='word_1_32' title='bbox 695 598 752 663; x_wconf 90' lang='lat' dir='ltr'>illi.</span> <span class='ocrx_word' id='word_1_33' title='bbox 781 600 940 684; x_wconf 86' lang='lat' dir='ltr'>epphetha</span> <span class='ocrx_word' id='word_1_34' title='bbox 962 598 1046 683; x_wconf 93' lang='lat' dir='ltr'>quod</span> <span class='ocrx_word' id='word_1_35' title='bbox 1080 607 1127 663; x_wconf 90' lang='lat' dir='ltr'>est</span> <span class='ocrx_word' id='word_1_36' title='bbox 1150 598 1323 684; x_wconf 89' lang='lat' dir='ltr'>adaperire.</span> <span class='ocrx_word' id='word_1_37' title='bbox 1369 596 1396 636; x_wconf 84' lang='grc'>33</span> <span class='ocrx_word' id='word_1_38' title='bbox 1440 598 1484 663; x_wconf 82' lang='grc' dir='ltr'>Εῖ</span> 
     </span>
     <span class='ocr_line' id='line_1_5' title="bbox 253 700 1482 789; baseline -0.002 -21"><span class='ocrx_word' id='word_1_39' title='bbox 253 711 380 789; x_wconf 90' lang='lat' dir='ltr'>apertae</span> <span class='ocrx_word' id='word_1_40' title='bbox 402 707 476 766; x_wconf 86' lang='lat' dir='ltr'>sunt</span> <span class='ocrx_word' id='word_1_41' title='bbox 498 724 591 766; x_wconf 90' lang='lat' dir='ltr'>aures</span> <span class='ocrx_word' id='word_1_42' title='bbox 616 700 684 766; x_wconf 93' lang='lat' dir='ltr'>eius</span> <span class='ocrx_word' id='word_1_43' title='bbox 707 708 739 766; x_wconf 89' lang='lat' dir='ltr'>et</span> <span class='ocrx_word' id='word_1_44' title='bbox 761 707 898 766; x_wconf 90' lang='lat' dir='ltr'>solutum</span> <span class='ocrx_word' id='word_1_45' title='bbox 922 710 969 766; x_wconf 89' lang='lat' dir='ltr'>est</span> <span class='ocrx_word' id='word_1_46' title='bbox 991 700 1155 766; x_wconf 92' lang='lat' dir='ltr'>uinculum</span> <span class='ocrx_word' id='word_1_47' title='bbox 1184 701 1312 787; x_wconf 82' lang='lat' dir='ltr'>linguae</span> <span class='ocrx_word' id='word_1_48' title='bbox 1346 700 1415 766; x_wconf 90' lang='lat' dir='ltr'>eius</span> <span class='ocrx_word' id='word_1_49' title='bbox 1450 709 1482 766; x_wconf 89' lang='lat' dir='ltr'>et</span> 
     </span>
     <span class='ocr_line' id='line_1_6' title="bbox 249 802 1483 891; baseline -0.001 -23"><span class='ocrx_word' id='word_1_50' title='bbox 249 806 438 891; x_wconf 76' lang='lat' dir='ltr'>loquebatur</span> <span class='ocrx_word' id='word_1_51' title='bbox 460 804 661 869; x_wconf 88' lang='lat' dir='ltr'>confidenter.</span> <span class='ocrx_word' id='word_1_52' title='bbox 708 803 735 841; x_wconf 78' lang='lat'>³⁶</span> <span class='ocrx_word' id='word_1_53' title='bbox 777 805 821 868; x_wconf 82' lang='lat' dir='ltr'>Et</span> <span class='ocrx_word' id='word_1_54' title='bbox 844 802 985 889; x_wconf 78' lang='lat' dir='ltr'>precepit</span> <span class='ocrx_word' id='word_1_55' title='bbox 1007 803 1072 868; x_wconf 92' lang='lat' dir='ltr'>illis</span> <span class='ocrx_word' id='word_1_56' title='bbox 1102 828 1141 868; x_wconf 90' lang='lat' dir='ltr'>ne</span> <span class='ocrx_word' id='word_1_57' title='bbox 1173 805 1224 869; x_wconf 90' lang='lat' dir='ltr'>cui</span> <span class='ocrx_word' id='word_1_58' title='bbox 1258 804 1407 870; x_wconf 76' lang='lat' dir='ltr'>dicerent.</span> <span class='ocrx_word' id='word_1_59' title='bbox 1444 803 1483 868; x_wconf 86' lang='lat' dir='ltr'>ad</span> 
     </span>
     <span class='ocr_line' id='line_1_7' title="bbox 250 903 1485 992; baseline -0.002 -20"><span class='ocrx_word' id='word_1_60' title='bbox 250 907 303 972; x_wconf 90' lang='lat' dir='ltr'>illi</span> <span class='ocrx_word' id='word_1_61' title='bbox 324 907 424 992; x_wconf 88' lang='lat' dir='ltr'>magis</span> <span class='ocrx_word' id='word_1_62' title='bbox 448 906 609 991; x_wconf 83' lang='lat' dir='ltr'>magisque</span> <span class='ocrx_word' id='word_1_63' title='bbox 631 905 843 992; x_wconf 86' lang='lat' dir='ltr'>predicabant.</span> <span class='ocrx_word' id='word_1_64' title='bbox 889 903 917 943; x_wconf 83' lang='grc'>33</span> <span class='ocrx_word' id='word_1_65' title='bbox 959 906 1004 970; x_wconf 79' lang='lat' dir='ltr'>Et</span> <span class='ocrx_word' id='word_1_66' title='bbox 1025 929 1062 970; x_wconf 94' lang='lat' dir='ltr'>eo</span> <span class='ocrx_word' id='word_1_67' title='bbox 1088 905 1223 992; x_wconf 91' lang='lat' dir='ltr'>amplius</span> <span class='ocrx_word' id='word_1_68' title='bbox 1248 906 1485 973; x_wconf 90' lang='lat' dir='ltr'>admirabantur</span> 
     </span>
     <span class='ocr_line' id='line_1_8' title="bbox 250 1007 1483 1094; baseline -0.002 -20"><span class='ocrx_word' id='word_1_69' title='bbox 250 1011 395 1076; x_wconf 87' lang='lat' dir='ltr'>dicentes</span> <span class='ocrx_word' id='word_1_70' title='bbox 416 1010 495 1074; x_wconf 91' lang='lat' dir='ltr'>bene</span> <span class='ocrx_word' id='word_1_71' title='bbox 518 1012 624 1073; x_wconf 88' lang='lat' dir='ltr'>omnia</span> <span class='ocrx_word' id='word_1_72' title='bbox 637 1007 722 1075; x_wconf 88' lang='lat' dir='ltr'>&#39;fecit</span> <span class='ocrx_word' id='word_1_73' title='bbox 745 1016 776 1074; x_wconf 92' lang='lat' dir='ltr'>et</span> <span class='ocrx_word' id='word_1_74' title='bbox 798 1009 908 1074; x_wconf 89' lang='lat' dir='ltr'>surdos</span> <span class='ocrx_word' id='word_1_75' title='bbox 930 1007 1006 1074; x_wconf 90' lang='lat' dir='ltr'>fecit</span> <span class='ocrx_word' id='word_1_76' title='bbox 1028 1009 1171 1074; x_wconf 91' lang='lat' dir='ltr'>auditum</span> <span class='ocrx_word' id='word_1_77' title='bbox 1188 1017 1220 1074; x_wconf 90' lang='lat' dir='ltr'>et</span> <span class='ocrx_word' id='word_1_78' title='bbox 1232 1010 1328 1076; x_wconf 92' lang='lat' dir='ltr'>mutis</span> <span class='ocrx_word' id='word_1_79' title='bbox 1338 1011 1374 1090; x_wconf 89' lang='lat' dir='ltr'>(l)</span> <span class='ocrx_word' id='word_1_80' title='bbox 1385 1008 1483 1094; x_wconf 89' lang='lat' dir='ltr'>loqui.</span> 
     </span>
    </p>
   </div>
   <div class='ocr_carea' id='block_1_3' title="bbox 338 1097 1590 1191">
    <p class='ocr_par' dir='ltr' id='par_1_3' title="bbox 338 1097 1590 1191">
     <span class='ocr_line' id='line_1_9' title="bbox 338 1097 1590 1191; baseline 0 -15"><span class='ocrx_word' id='word_1_81' title='bbox 338 1111 471 1178; x_wconf 86' lang='lat' dir='ltr'>XXIV.</span> <span class='ocrx_word' id='word_1_82' title='bbox 497 1115 534 1191; x_wconf 90' lang='lat' dir='ltr'>(c.</span> <span class='ocrx_word' id='word_1_83' title='bbox 559 1113 590 1190; x_wconf 82' lang='grc'>8)</span> <span class='ocrx_word' id='word_1_84' title='bbox 636 1111 647 1147; x_wconf 90' lang='lat'>¹</span> <span class='ocrx_word' id='word_1_85' title='bbox 691 1110 733 1176; x_wconf 88' lang='lat' dir='ltr'>In</span> <span class='ocrx_word' id='word_1_86' title='bbox 755 1110 817 1175; x_wconf 91' lang='lat' dir='ltr'>illis</span> <span class='ocrx_word' id='word_1_87' title='bbox 844 1120 952 1176; x_wconf 90' lang='lat' dir='ltr'>autem</span> <span class='ocrx_word' id='word_1_88' title='bbox 986 1111 1096 1176; x_wconf 88' lang='lat' dir='ltr'>diebus</span> <span class='ocrx_word' id='word_1_89' title='bbox 1129 1111 1243 1176; x_wconf 89' lang='lat' dir='ltr'>iterum</span> <span class='ocrx_word' id='word_1_90' title='bbox 1279 1136 1349 1178; x_wconf 88' lang='lat' dir='ltr'>oum</span> <span class='ocrx_word' id='word_1_91' title='bbox 1384 1112 1484 1177; x_wconf 91' lang='lat' dir='ltr'>multa</span> <span class='ocrx_word' id='word_1_92' title='bbox 1587 1097 1590 1102; x_wconf 31' lang='lat'>¹</span> 
     </span>
    </p>
   </div>
   <div class='ocr_carea' id='block_1_4' title="bbox 210 1212 1485 3351">
    <p class='ocr_par' dir='ltr' id='par_1_4' title="bbox 210 1212 1485 3351">
     <span class='ocr_line' id='line_1_10' title="bbox 254 1212 1484 1301; baseline -0.001 -22"><span class='ocrx_word' id='word_1_93' title='bbox 254 1216 347 1279; x_wconf 90' lang='lat' dir='ltr'>turba</span> <span class='ocrx_word' id='word_1_94' title='bbox 369 1222 531 1280; x_wconf 89' lang='lat' dir='ltr'>essetnec</span> <span class='ocrx_word' id='word_1_95' title='bbox 562 1215 692 1279; x_wconf 89' lang='lat' dir='ltr'>haberet</span> <span class='ocrx_word' id='word_1_96' title='bbox 720 1214 803 1298; x_wconf 91' lang='lat' dir='ltr'>quod</span> <span class='ocrx_word' id='word_1_97' title='bbox 838 1214 1050 1280; x_wconf 82' lang='lat' dir='ltr'>manducaret.</span> <span class='ocrx_word' id='word_1_98' title='bbox 1097 1212 1288 1280; x_wconf 83' lang='lat' dir='ltr'>Conuooatis</span> <span class='ocrx_word' id='word_1_99' title='bbox 1321 1215 1484 1301; x_wconf 83' lang='lat' dir='ltr'>discipulis</span> 
     </span>
     <span class='ocr_line' id='line_1_11' title="bbox 249 1315 1483 1402; baseline -0.001 -20"><span class='ocrx_word' id='word_1_100' title='bbox 249 1318 298 1383; x_wconf 84' lang='lat' dir='ltr'>ait</span> <span class='ocrx_word' id='word_1_101' title='bbox 320 1317 383 1382; x_wconf 85' lang='lat' dir='ltr'>illis</span> <span class='ocrx_word' id='word_1_102' title='bbox 403 1315 414 1353; x_wconf 91' lang='grc'>3</span> <span class='ocrx_word' id='word_1_103' title='bbox 437 1316 588 1382; x_wconf 90' lang='lat' dir='ltr'>misereor</span> <span class='ocrx_word' id='word_1_104' title='bbox 610 1339 704 1402; x_wconf 90' lang='lat' dir='ltr'>super</span> <span class='ocrx_word' id='word_1_105' title='bbox 726 1315 817 1382; x_wconf 89' lang='lat' dir='ltr'>istam</span> <span class='ocrx_word' id='word_1_106' title='bbox 841 1317 966 1381; x_wconf 90' lang='lat' dir='ltr'>turbam</span> <span class='ocrx_word' id='word_1_107' title='bbox 990 1316 1138 1400; x_wconf 90' lang='lat' dir='ltr'>quoniam</span> <span class='ocrx_word' id='word_1_108' title='bbox 1164 1317 1306 1381; x_wconf 90' lang='lat' dir='ltr'>triduum</span> <span class='ocrx_word' id='word_1_109' title='bbox 1340 1325 1388 1383; x_wconf 91' lang='lat' dir='ltr'>est</span> <span class='ocrx_word' id='word_1_110' title='bbox 1420 1318 1483 1382; x_wconf 90' lang='lat' dir='ltr'>iam</span> 
     </span>
     <span class='ocr_line' id='line_1_12' title="bbox 250 1418 1484 1507; baseline 0.001 -23"><span class='ocrx_word' id='word_1_111' title='bbox 250 1420 336 1505; x_wconf 36' lang='lat' dir='ltr'>&#39;quod</span> <span class='ocrx_word' id='word_1_112' title='bbox 359 1420 411 1485; x_wconf 90' lang='lat' dir='ltr'>hic</span> <span class='ocrx_word' id='word_1_113' title='bbox 434 1427 508 1484; x_wconf 92' lang='lat' dir='ltr'>sunt</span> <span class='ocrx_word' id='word_1_114' title='bbox 531 1426 562 1484; x_wconf 92' lang='lat' dir='ltr'>et</span> <span class='ocrx_word' id='word_1_115' title='bbox 586 1443 650 1484; x_wconf 90' lang='lat' dir='ltr'>non</span> <span class='ocrx_word' id='word_1_116' title='bbox 680 1419 798 1484; x_wconf 89' lang='lat' dir='ltr'>habent</span> <span class='ocrx_word' id='word_1_117' title='bbox 832 1420 913 1504; x_wconf 92' lang='lat' dir='ltr'>quod</span> <span class='ocrx_word' id='word_1_118' title='bbox 949 1418 1207 1507; x_wconf 54' lang='lat' dir='ltr'>manducentiet</span> <span class='ocrx_word' id='word_1_119' title='bbox 1237 1419 1397 1486; x_wconf 85' lang='lat' dir='ltr'>dimittere</span> <span class='ocrx_word' id='word_1_120' title='bbox 1431 1443 1484 1485; x_wconf 89' lang='lat' dir='ltr'>eos</span> 
     </span>
     <span class='ocr_line' id='line_1_13' title="bbox 253 1521 1483 1611; baseline 0 -24"><span class='ocrx_word' id='word_1_121' title='bbox 253 1521 376 1588; x_wconf 90' lang='lat' dir='ltr'>ieiunos</span> <span class='ocrx_word' id='word_1_122' title='bbox 399 1521 432 1586; x_wconf 90' lang='lat' dir='ltr'>in</span> <span class='ocrx_word' id='word_1_123' title='bbox 456 1523 583 1586; x_wconf 92' lang='lat' dir='ltr'>domum</span> <span class='ocrx_word' id='word_1_124' title='bbox 606 1522 687 1586; x_wconf 92' lang='lat' dir='ltr'>nolo.</span> <span class='ocrx_word' id='word_1_125' title='bbox 732 1521 783 1586; x_wconf 87' lang='lat' dir='ltr'>Ne</span> <span class='ocrx_word' id='word_1_126' title='bbox 806 1521 980 1607; x_wconf 89' lang='lat' dir='ltr'>fatigentur</span> <span class='ocrx_word' id='word_1_127' title='bbox 1002 1523 1034 1587; x_wconf 90' lang='lat' dir='ltr'>in</span> <span class='ocrx_word' id='word_1_128' title='bbox 1058 1521 1145 1586; x_wconf 90' lang='lat' dir='ltr'>uiam</span> <span class='ocrx_word' id='word_1_129' title='bbox 1176 1523 1325 1611; x_wconf 88' lang='lat' dir='ltr'>quoniam</span> <span class='ocrx_word' id='word_1_130' title='bbox 1354 1522 1483 1609; x_wconf 91' lang='lat' dir='ltr'>quidam</span> 
     </span>
     <span class='ocr_line' id='line_1_14' title="bbox 249 1623 1484 1711; baseline -0.001 -21"><span class='ocrx_word' id='word_1_131' title='bbox 249 1649 293 1690; x_wconf 85' lang='lat' dir='ltr'>ex</span> <span class='ocrx_word' id='word_1_132' title='bbox 316 1625 361 1690; x_wconf 91' lang='lat' dir='ltr'>eis</span> <span class='ocrx_word' id='word_1_133' title='bbox 384 1625 423 1688; x_wconf 90' lang='lat' dir='ltr'>de</span> <span class='ocrx_word' id='word_1_134' title='bbox 446 1630 538 1709; x_wconf 91' lang='lat' dir='ltr'>longe</span> <span class='ocrx_word' id='word_1_135' title='bbox 560 1625 593 1688; x_wconf 93' lang='lat' dir='ltr'>iu</span> <span class='ocrx_word' id='word_1_136' title='bbox 618 1647 679 1709; x_wconf 92' lang='lat' dir='ltr'>quo</span> <span class='ocrx_word' id='word_1_137' title='bbox 702 1631 871 1690; x_wconf 88' lang='lat' dir='ltr'>uenerunt.</span> <span class='ocrx_word' id='word_1_138' title='bbox 905 1623 919 1661; x_wconf 81' lang='lat'><strong>⁴</strong></span> <span class='ocrx_word' id='word_1_139' title='bbox 952 1625 996 1689; x_wconf 83' lang='lat' dir='ltr'>Et</span> <span class='ocrx_word' id='word_1_140' title='bbox 1018 1625 1248 1710; x_wconf 89' lang='lat' dir='ltr'>responderunt</span> <span class='ocrx_word' id='word_1_141' title='bbox 1270 1624 1419 1711; x_wconf 90' lang='lat' dir='ltr'>discipuli</span> <span class='ocrx_word' id='word_1_142' title='bbox 1434 1625 1484 1691; x_wconf 88' lang='lat' dir='ltr'>sni</span> 
     </span>
     <span class='ocr_line' id='line_1_15' title="bbox 253 1718 1485 1813; baseline 0.001 -21"><span class='ocrx_word' id='word_1_143' title='bbox 253 1728 337 1792; x_wconf 90' lang='lat' dir='ltr'>unde</span> <span class='ocrx_word' id='word_1_144' title='bbox 352 1726 430 1792; x_wconf 90' lang='lat' dir='ltr'>istos</span> <span class='ocrx_word' id='word_1_145' title='bbox 445 1726 544 1812; x_wconf 89' lang='lat' dir='ltr'>possit</span> <span class='ocrx_word' id='word_1_146' title='bbox 558 1725 629 1813; x_wconf 92' lang='lat' dir='ltr'>quis</span> <span class='ocrx_word' id='word_1_147' title='bbox 652 1733 793 1791; x_wconf 87' lang='lat' dir='ltr'>saturare</span> <span class='ocrx_word' id='word_1_148' title='bbox 815 1725 950 1812; x_wconf 91' lang='lat' dir='ltr'>panibus</span> <span class='ocrx_word' id='word_1_149' title='bbox 972 1726 1006 1791; x_wconf 90' lang='lat' dir='ltr'>in</span> <span class='ocrx_word' id='word_1_150' title='bbox 1030 1718 1160 1792; x_wconf 85' lang='lat' dir='ltr'>deserto.</span> <span class='ocrx_word' id='word_1_151' title='bbox 1194 1725 1207 1762; x_wconf 81' lang='grc'>3</span> <span class='ocrx_word' id='word_1_152' title='bbox 1248 1727 1294 1792; x_wconf 82' lang='grc' dir='ltr'>Εῖ</span> <span class='ocrx_word' id='word_1_153' title='bbox 1315 1727 1485 1813; x_wconf 87' lang='lat' dir='ltr'>interroga·</span> 
     </span>
     <span class='ocr_line' id='line_1_16' title="bbox 252 1827 1483 1917; baseline 0.001 -23"><span class='ocrx_word' id='word_1_154' title='bbox 252 1831 301 1896; x_wconf 90' lang='lat' dir='ltr'>uit</span> <span class='ocrx_word' id='word_1_155' title='bbox 323 1852 375 1895; x_wconf 87' lang='lat' dir='ltr'>eos</span> <span class='ocrx_word' id='word_1_156' title='bbox 398 1830 482 1914; x_wconf 91' lang='lat' dir='ltr'>quod</span> <span class='ocrx_word' id='word_1_157' title='bbox 504 1851 601 1915; x_wconf 90' lang='lat' dir='ltr'>panes</span> <span class='ocrx_word' id='word_1_158' title='bbox 623 1827 756 1894; x_wconf 89' lang='lat' dir='ltr'>habetis.</span> <span class='ocrx_word' id='word_1_159' title='bbox 769 1828 824 1913; x_wconf 90' lang='lat' dir='ltr'>qui</span> <span class='ocrx_word' id='word_1_160' title='bbox 840 1829 991 1893; x_wconf 86' lang='lat' dir='ltr'>dixerunt</span> <span class='ocrx_word' id='word_1_161' title='bbox 1005 1837 1136 1917; x_wconf 85' lang='lat' dir='ltr'>septem.</span> <span class='ocrx_word' id='word_1_162' title='bbox 1151 1828 1268 1894; x_wconf 81' lang='lat' dir='ltr'>⁶inssit</span> <span class='ocrx_word' id='word_1_163' title='bbox 1282 1853 1358 1894; x_wconf 90' lang='lat' dir='ltr'>uero</span> <span class='ocrx_word' id='word_1_164' title='bbox 1373 1832 1483 1895; x_wconf 89' lang='lat' dir='ltr'>turbae</span> 
     </span>
     <span class='ocr_line' id='line_1_17' title="bbox 210 1917 1483 2019; baseline 0.001 -22"><span class='ocrx_word' id='word_1_165' title='bbox 210 1919 212 1923; x_wconf 34' lang='lat'>⁵</span> <span class='ocrx_word' id='word_1_166' title='bbox 253 1932 447 1998; x_wconf 80' lang='lat' dir='ltr'>discumbere</span> <span class='ocrx_word' id='word_1_167' title='bbox 470 1954 564 2016; x_wconf 88' lang='lat' dir='ltr'>super</span> <span class='ocrx_word' id='word_1_168' title='bbox 586 1939 711 1996; x_wconf 90' lang='lat' dir='ltr'>terram.</span> <span class='ocrx_word' id='word_1_169' title='bbox 756 1931 801 1995; x_wconf 83' lang='lat' dir='ltr'>Et</span> <span class='ocrx_word' id='word_1_170' title='bbox 823 1930 984 2017; x_wconf 90' lang='lat' dir='ltr'>adoipiens</span> <span class='ocrx_word' id='word_1_171' title='bbox 1007 1917 1128 2018; x_wconf 81' lang='lat' dir='ltr'>septem</span> <span class='ocrx_word' id='word_1_172' title='bbox 1142 1955 1241 2018; x_wconf 87' lang='lat' dir='ltr'>panes</span> <span class='ocrx_word' id='word_1_173' title='bbox 1255 1932 1372 2019; x_wconf 87' lang='lat' dir='ltr'>gratias</span> <span class='ocrx_word' id='word_1_174' title='bbox 1387 1955 1483 2018; x_wconf 88' lang='lat' dir='ltr'>agens</span> 
     </span>
     <span class='ocr_line' id='line_1_18' title="bbox 250 2032 1481 2120; baseline 0 -21"><span class='ocrx_word' id='word_1_175' title='bbox 250 2034 347 2116; x_wconf 86' lang='lat' dir='ltr'>fregit</span> <span class='ocrx_word' id='word_1_176' title='bbox 369 2043 402 2100; x_wconf 93' lang='lat' dir='ltr'>et</span> <span class='ocrx_word' id='word_1_177' title='bbox 423 2034 509 2098; x_wconf 87' lang='lat' dir='ltr'>dedit</span> <span class='ocrx_word' id='word_1_178' title='bbox 533 2032 695 2119; x_wconf 88' lang='lat' dir='ltr'>discipulis</span> <span class='ocrx_word' id='word_1_179' title='bbox 718 2033 785 2098; x_wconf 89' lang='lat' dir='ltr'>suis</span> <span class='ocrx_word' id='word_1_180' title='bbox 807 2042 844 2098; x_wconf 92' lang='lat' dir='ltr'>ut</span> <span class='ocrx_word' id='word_1_181' title='bbox 866 2034 1060 2119; x_wconf 85' lang='lat' dir='ltr'>adponerent</span> <span class='ocrx_word' id='word_1_182' title='bbox 1075 2042 1114 2113; x_wconf 70' lang='lat' dir='ltr'>,et</span> <span class='ocrx_word' id='word_1_183' title='bbox 1134 2033 1349 2120; x_wconf 89' lang='lat' dir='ltr'>adposuerunt</span> <span class='ocrx_word' id='word_1_184' title='bbox 1363 2038 1481 2101; x_wconf 86' lang='lat' dir='ltr'>turbae.</span> 
     </span>
     <span class='ocr_line' id='line_1_19' title="bbox 255 2135 1484 2222; baseline 0 -20"><span class='ocrx_word' id='word_1_185' title='bbox 255 2137 266 2174; x_wconf 85' lang='grc'>3</span> <span class='ocrx_word' id='word_1_186' title='bbox 310 2138 500 2202; x_wconf 89' lang='lat' dir='ltr'>Habuerunt</span> <span class='ocrx_word' id='word_1_187' title='bbox 523 2144 627 2202; x_wconf 90' lang='lat' dir='ltr'>autem</span> <span class='ocrx_word' id='word_1_188' title='bbox 651 2159 770 2221; x_wconf 89' lang='lat' dir='ltr'>paucus</span> <span class='ocrx_word' id='word_1_189' title='bbox 785 2135 817 2220; x_wconf 82' lang='lat' dir='ltr'>(l)</span> <span class='ocrx_word' id='word_1_190' title='bbox 840 2135 1009 2222; x_wconf 89' lang='lat' dir='ltr'>pisciculos</span> <span class='ocrx_word' id='word_1_191' title='bbox 1025 2143 1057 2201; x_wconf 90' lang='lat' dir='ltr'>et</span> <span class='ocrx_word' id='word_1_192' title='bbox 1072 2137 1157 2222; x_wconf 91' lang='lat' dir='ltr'>ipsos</span> <span class='ocrx_word' id='word_1_193' title='bbox 1168 2137 1333 2202; x_wconf 87' lang='lat' dir='ltr'>benedixit</span> <span class='ocrx_word' id='word_1_194' title='bbox 1348 2144 1380 2203; x_wconf 90' lang='lat' dir='ltr'>et</span> <span class='ocrx_word' id='word_1_195' title='bbox 1391 2136 1484 2203; x_wconf 91' lang='lat' dir='ltr'>iussit</span> 
     </span>
     <span class='ocr_line' id='line_1_20' title="bbox 250 2237 1483 2326; baseline 0 -22"><span class='ocrx_word' id='word_1_196' title='bbox 250 2241 337 2326; x_wconf 88' lang='lat' dir='ltr'>poni.</span> <span class='ocrx_word' id='word_1_197' title='bbox 383 2237 396 2276; x_wconf 80' lang='grc'>3</span> <span class='ocrx_word' id='word_1_198' title='bbox 438 2240 483 2305; x_wconf 86' lang='grc' dir='ltr'>Εῖ</span> <span class='ocrx_word' id='word_1_199' title='bbox 505 2239 740 2303; x_wconf 82' lang='lat' dir='ltr'>manducauerl&#39;l</span> <span class='ocrx_word' id='word_1_200' title='bbox 764 2246 796 2303; x_wconf 91' lang='lat' dir='ltr'>et</span> <span class='ocrx_word' id='word_1_201' title='bbox 817 2239 951 2303; x_wconf 89' lang='lat' dir='ltr'>saturati</span> <span class='ocrx_word' id='word_1_202' title='bbox 974 2250 1056 2304; x_wconf 88' lang='lat' dir='ltr'>sunt.</span> <span class='ocrx_word' id='word_1_203' title='bbox 1102 2240 1147 2304; x_wconf 84' lang='lat' dir='ltr'>Et</span> <span class='ocrx_word' id='word_1_204' title='bbox 1177 2241 1374 2305; x_wconf 88' lang='lat' dir='ltr'>sustulerunt</span> <span class='ocrx_word' id='word_1_205' title='bbox 1399 2240 1483 2325; x_wconf 94' lang='lat' dir='ltr'>quod</span> 
     </span>
     <span class='ocr_line' id='line_1_21' title="bbox 251 2340 1483 2429; baseline -0.001 -21"><span class='ocrx_word' id='word_1_206' title='bbox 251 2351 456 2429; x_wconf 88' lang='lat' dir='ltr'>superauerat</span> <span class='ocrx_word' id='word_1_207' title='bbox 482 2340 708 2426; x_wconf 76' lang='lat' dir='ltr'>fragmetorum</span> <span class='ocrx_word' id='word_1_208' title='bbox 742 2348 863 2426; x_wconf 89' lang='lat' dir='ltr'>septem</span> <span class='ocrx_word' id='word_1_209' title='bbox 887 2343 1029 2427; x_wconf 63' lang='lat' dir='ltr'>{sportas</span> <span class='ocrx_word' id='word_1_210' title='bbox 1087 2341 1099 2379; x_wconf 87' lang='grc'>3</span> <span class='ocrx_word' id='word_1_211' title='bbox 1151 2343 1254 2407; x_wconf 83' lang='lat' dir='ltr'>Erant</span> <span class='ocrx_word' id='word_1_212' title='bbox 1287 2350 1394 2407; x_wconf 91' lang='lat' dir='ltr'>autem</span> <span class='ocrx_word' id='word_1_213' title='bbox 1428 2342 1483 2427; x_wconf 91' lang='lat' dir='ltr'>qui</span> 
     </span>
     <span class='ocr_line' id='line_1_22' title="bbox 250 2443 1407 2528; baseline -0.001 -17"><span class='ocrx_word' id='word_1_214' title='bbox 250 2445 523 2511; x_wconf 90' lang='lat' dir='ltr'>manducauerant</span> <span class='ocrx_word' id='word_1_215' title='bbox 545 2443 636 2528; x_wconf 87' lang='lat' dir='ltr'>quasi</span> <span class='ocrx_word' id='word_1_216' title='bbox 659 2451 794 2528; x_wconf 89' lang='lat' dir='ltr'>quatuor</span> <span class='ocrx_word' id='word_1_217' title='bbox 816 2443 917 2508; x_wconf 89' lang='lat' dir='ltr'>millia</span> <span class='ocrx_word' id='word_1_218' title='bbox 939 2443 1104 2509; x_wconf 91' lang='lat' dir='ltr'>hominum</span> <span class='ocrx_word' id='word_1_219' title='bbox 1128 2453 1160 2509; x_wconf 90' lang='lat' dir='ltr'>et</span> <span class='ocrx_word' id='word_1_220' title='bbox 1182 2443 1303 2509; x_wconf 91' lang='lat' dir='ltr'>dimisit</span> <span class='ocrx_word' id='word_1_221' title='bbox 1329 2445 1407 2510; x_wconf 90' lang='lat' dir='ltr'>illos.</span> 
     </span>
     <span class='ocr_line' id='line_1_23' title="bbox 337 2545 1482 2633; baseline 0.001 -21"><span class='ocrx_word' id='word_1_222' title='bbox 337 2547 453 2614; x_wconf 84' lang='lat' dir='ltr'>XXV.</span> <span class='ocrx_word' id='word_1_223' title='bbox 500 2545 526 2582; x_wconf 77' lang='lat'>²⁰</span> <span class='ocrx_word' id='word_1_224' title='bbox 569 2547 628 2610; x_wconf 85' lang='lat' dir='ltr'>Ihs</span> <span class='ocrx_word' id='word_1_225' title='bbox 651 2553 757 2610; x_wconf 91' lang='lat' dir='ltr'>autem</span> <span class='ocrx_word' id='word_1_226' title='bbox 781 2546 953 2611; x_wconf 90' lang='lat' dir='ltr'>ascendens</span> <span class='ocrx_word' id='word_1_227' title='bbox 976 2546 1085 2611; x_wconf 89' lang='lat' dir='ltr'>nanim</span> <span class='ocrx_word' id='word_1_228' title='bbox 1114 2570 1186 2611; x_wconf 90' lang='lat' dir='ltr'>cum</span> <span class='ocrx_word' id='word_1_229' title='bbox 1219 2546 1383 2633; x_wconf 91' lang='lat' dir='ltr'>discipulis</span> <span class='ocrx_word' id='word_1_230' title='bbox 1417 2547 1482 2614; x_wconf 89' lang='lat' dir='ltr'>suis</span> 
     </span>
     <span class='ocr_line' id='line_1_24' title="bbox 251 2648 1482 2736; baseline 0 -22"><span class='ocrx_word' id='word_1_231' title='bbox 251 2649 342 2716; x_wconf 90' lang='lat' dir='ltr'>uenit</span> <span class='ocrx_word' id='word_1_232' title='bbox 364 2650 397 2714; x_wconf 91' lang='lat' dir='ltr'>in</span> <span class='ocrx_word' id='word_1_233' title='bbox 420 2662 511 2736; x_wconf 84' lang='lat' dir='ltr'>parte</span> <span class='ocrx_word' id='word_1_234' title='bbox 534 2649 710 2734; x_wconf 87' lang='lat' dir='ltr'>magedam.</span> <span class='ocrx_word' id='word_1_235' title='bbox 758 2648 783 2684; x_wconf 84' lang='grc'>33</span> <span class='ocrx_word' id='word_1_236' title='bbox 828 2649 872 2714; x_wconf 83' lang='grc' dir='ltr'>Εῖ</span> <span class='ocrx_word' id='word_1_237' title='bbox 895 2649 1043 2713; x_wconf 83' lang='lat' dir='ltr'>exierunt</span> <span class='ocrx_word' id='word_1_238' title='bbox 1072 2648 1230 2735; x_wconf 89' lang='lat' dir='ltr'>pharisaei</span> <span class='ocrx_word' id='word_1_239' title='bbox 1264 2657 1296 2714; x_wconf 90' lang='lat' dir='ltr'>et</span> <span class='ocrx_word' id='word_1_240' title='bbox 1329 2658 1482 2736; x_wconf 86' lang='lat' dir='ltr'>ceperunt</span> 
     </span>
     <span class='ocr_line' id='line_1_25' title="bbox 247 2751 1481 2839; baseline -0.001 -21"><span class='ocrx_word' id='word_1_241' title='bbox 247 2751 435 2837; x_wconf 87' lang='lat' dir='ltr'>conquirere</span> <span class='ocrx_word' id='word_1_242' title='bbox 459 2774 530 2816; x_wconf 92' lang='lat' dir='ltr'>cum</span> <span class='ocrx_word' id='word_1_243' title='bbox 554 2775 590 2816; x_wconf 91' lang='lat' dir='ltr'>eo</span> <span class='ocrx_word' id='word_1_244' title='bbox 614 2760 782 2835; x_wconf 88' lang='lat' dir='ltr'>querentes</span> <span class='ocrx_word' id='word_1_245' title='bbox 805 2751 843 2815; x_wconf 87' lang='lat' dir='ltr'>ab</span> <span class='ocrx_word' id='word_1_246' title='bbox 868 2774 904 2816; x_wconf 91' lang='lat' dir='ltr'>eo</span> <span class='ocrx_word' id='word_1_247' title='bbox 936 2751 1064 2836; x_wconf 91' lang='lat' dir='ltr'>signum</span> <span class='ocrx_word' id='word_1_248' title='bbox 1098 2752 1137 2816; x_wconf 92' lang='lat' dir='ltr'>de</span> <span class='ocrx_word' id='word_1_249' title='bbox 1171 2752 1257 2816; x_wconf 90' lang='lat' dir='ltr'>caelo</span> <span class='ocrx_word' id='word_1_250' title='bbox 1291 2758 1481 2839; x_wconf 89' lang='lat' dir='ltr'>temptantes</span> 
     </span>
     <span class='ocr_line' id='line_1_26' title="bbox 250 2852 1483 2941; baseline 0.002 -23"><span class='ocrx_word' id='word_1_251' title='bbox 250 2853 350 2920; x_wconf 88' lang='lat' dir='ltr'>illurn.</span> <span class='ocrx_word' id='word_1_252' title='bbox 397 2852 422 2924; x_wconf 82' lang='grc'>33</span> <span class='ocrx_word' id='word_1_253' title='bbox 466 2855 510 2918; x_wconf 82' lang='lat' dir='ltr'>Et</span> <span class='ocrx_word' id='word_1_254' title='bbox 532 2852 742 2938; x_wconf 88' lang='lat' dir='ltr'>ingemiscens</span> <span class='ocrx_word' id='word_1_255' title='bbox 765 2853 823 2939; x_wconf 74' lang='lat' dir='ltr'>spii</span> <span class='ocrx_word' id='word_1_256' title='bbox 847 2876 904 2919; x_wconf 89' lang='lat' dir='ltr'>suo</span> <span class='ocrx_word' id='word_1_257' title='bbox 928 2854 1003 2938; x_wconf 93' lang='lat' dir='ltr'>quid</span> <span class='ocrx_word' id='word_1_258' title='bbox 1027 2856 1187 2939; x_wconf 88' lang='lat' dir='ltr'>generatio</span> <span class='ocrx_word' id='word_1_259' title='bbox 1209 2855 1271 2920; x_wconf 87' lang='lat' dir='ltr'>ista</span> <span class='ocrx_word' id='word_1_260' title='bbox 1300 2855 1405 2941; x_wconf 90' lang='lat' dir='ltr'>querit</span> <span class='ocrx_word' id='word_1_261' title='bbox 1424 2855 1483 2941; x_wconf 88' lang='lat' dir='ltr'>sig-</span> 
     </span>
     <span class='ocr_line' id='line_1_27' title="bbox 250 2955 1482 3042; baseline 0.001 -20"><span class='ocrx_word' id='word_1_262' title='bbox 250 2981 336 3022; x_wconf 90' lang='lat' dir='ltr'>num.</span> <span class='ocrx_word' id='word_1_263' title='bbox 380 2957 488 3021; x_wconf 87' lang='lat' dir='ltr'>Amen</span> <span class='ocrx_word' id='word_1_264' title='bbox 511 2955 581 3021; x_wconf 92' lang='lat' dir='ltr'>dico</span> <span class='ocrx_word' id='word_1_265' title='bbox 605 2955 694 3020; x_wconf 88' lang='lat' dir='ltr'>uobis</span> <span class='ocrx_word' id='word_1_266' title='bbox 716 2957 742 3020; x_wconf 88' lang='lat' dir='ltr'>si</span> <span class='ocrx_word' id='word_1_267' title='bbox 774 2955 900 3021; x_wconf 88' lang='lat' dir='ltr'>dabitur</span> <span class='ocrx_word' id='word_1_268' title='bbox 926 2957 1124 3040; x_wconf 89' lang='lat' dir='ltr'>generationi</span> <span class='ocrx_word' id='word_1_269' title='bbox 1157 2957 1232 3022; x_wconf 90' lang='lat' dir='ltr'>huic</span> <span class='ocrx_word' id='word_1_270' title='bbox 1264 2957 1399 3042; x_wconf 89' lang='lat' dir='ltr'>signum.</span> <span class='ocrx_word' id='word_1_271' title='bbox 1412 2957 1438 2996; x_wconf 87' lang='grc'>33</span> <span class='ocrx_word' id='word_1_272' title='bbox 1451 2968 1482 3023; x_wconf 87' lang='lat' dir='ltr'>et</span> 
     </span>
     <span class='ocr_line' id='line_1_28' title="bbox 250 3059 1483 3144; baseline 0.002 -21"><span class='ocrx_word' id='word_1_273' title='bbox 250 3059 431 3144; x_wconf 89' lang='lat' dir='ltr'>relinquens</span> <span class='ocrx_word' id='word_1_274' title='bbox 454 3081 506 3123; x_wconf 86' lang='lat' dir='ltr'>eos</span> <span class='ocrx_word' id='word_1_275' title='bbox 528 3059 737 3124; x_wconf 91' lang='lat' dir='ltr'>ascenderunt</span> <span class='ocrx_word' id='word_1_276' title='bbox 758 3082 865 3122; x_wconf 89' lang='lat' dir='ltr'>rursus</span> <span class='ocrx_word' id='word_1_277' title='bbox 889 3067 922 3124; x_wconf 89' lang='lat' dir='ltr'>et</span> <span class='ocrx_word' id='word_1_278' title='bbox 944 3059 1022 3124; x_wconf 91' lang='lat' dir='ltr'>abiit</span> <span class='ocrx_word' id='word_1_279' title='bbox 1045 3062 1208 3140; x_wconf 73' lang='lat' dir='ltr'>sutrlsum.</span> <span class='ocrx_word' id='word_1_280' title='bbox 1256 3059 1283 3096; x_wconf 76' lang='lat'>¹⁴</span> <span class='ocrx_word' id='word_1_281' title='bbox 1325 3062 1370 3125; x_wconf 83' lang='lat' dir='ltr'>Et</span> <span class='ocrx_word' id='word_1_282' title='bbox 1392 3061 1483 3127; x_wconf 89' lang='lat' dir='ltr'>obliti</span> 
     </span>
     <span class='ocr_line' id='line_1_29' title="bbox 250 3160 1482 3246; baseline 0.001 -20"><span class='ocrx_word' id='word_1_283' title='bbox 250 3184 374 3226; x_wconf 90' lang='lat' dir='ltr'>sumere</span> <span class='ocrx_word' id='word_1_284' title='bbox 396 3184 493 3246; x_wconf 89' lang='lat' dir='ltr'>panes</span> <span class='ocrx_word' id='word_1_285' title='bbox 515 3160 577 3226; x_wconf 90' lang='lat' dir='ltr'>nisi</span> <span class='ocrx_word' id='word_1_286' title='bbox 599 3185 697 3225; x_wconf 88' lang='lat' dir='ltr'>unum</span> <span class='ocrx_word' id='word_1_287' title='bbox 735 3184 849 3245; x_wconf 89' lang='lat' dir='ltr'>panem</span> <span class='ocrx_word' id='word_1_288' title='bbox 886 3184 993 3226; x_wconf 90' lang='lat' dir='ltr'>secum</span> <span class='ocrx_word' id='word_1_289' title='bbox 1015 3162 1174 3227; x_wconf 91' lang='lat' dir='ltr'>habebant</span> <span class='ocrx_word' id='word_1_290' title='bbox 1205 3161 1239 3226; x_wconf 92' lang='lat' dir='ltr'>in</span> <span class='ocrx_word' id='word_1_291' title='bbox 1273 3186 1399 3230; x_wconf 83' lang='lat' dir='ltr'>nauem.</span> <span class='ocrx_word' id='word_1_292' title='bbox 1457 3164 1482 3203; x_wconf 80' lang='grc'>33</span> 
     </span>
     <span class='ocr_line' id='line_1_30' title="bbox 249 3261 1483 3351; baseline 0.003 -23"><span class='ocrx_word' id='word_1_293' title='bbox 249 3263 356 3348; x_wconf 76' lang='lat' dir='ltr'>Quem</span> <span class='ocrx_word' id='word_1_294' title='bbox 383 3275 414 3328; x_wconf 90' lang='lat' dir='ltr'>et</span> <span class='ocrx_word' id='word_1_295' title='bbox 443 3263 583 3349; x_wconf 89' lang='lat' dir='ltr'>precepit</span> <span class='ocrx_word' id='word_1_296' title='bbox 604 3261 668 3328; x_wconf 89' lang='lat' dir='ltr'>illis</span> <span class='ocrx_word' id='word_1_297' title='bbox 692 3262 797 3328; x_wconf 88' lang='lat' dir='ltr'>dicens</span> <span class='ocrx_word' id='word_1_298' title='bbox 826 3264 933 3328; x_wconf 88' lang='lat' dir='ltr'>uidete</span> <span class='ocrx_word' id='word_1_299' title='bbox 970 3287 988 3328; x_wconf 91' lang='lat' dir='ltr'>a</span> <span class='ocrx_word' id='word_1_300' title='bbox 1013 3263 1169 3351; x_wconf 81' lang='lat' dir='ltr'>fermento</span> <span class='ocrx_word' id='word_1_301' title='bbox 1191 3265 1427 3350; x_wconf 87' lang='lat' dir='ltr'>pharisaeorum</span> <span class='ocrx_word' id='word_1_302' title='bbox 1451 3276 1483 3332; x_wconf 89' lang='lat' dir='ltr'>et</span> 
     </span>
    </p>
   </div>
   <div class='ocr_carea' id='block_1_5' title="bbox 249 3364 1609 3455">
    <p class='ocr_par' dir='ltr' id='par_1_5' title="bbox 249 3364 1609 3455">
     <span class='ocr_line' id='line_1_31' title="bbox 249 3364 1609 3455; baseline 0.003 -25"><span class='ocrx_word' id='word_1_303' title='bbox 249 3366 406 3433; x_wconf 89' lang='lat' dir='ltr'>fermento</span> <span class='ocrx_word' id='word_1_304' title='bbox 432 3366 568 3431; x_wconf 90' lang='lat' dir='ltr'>herodis.</span> <span class='ocrx_word' id='word_1_305' title='bbox 615 3364 642 3404; x_wconf 79' lang='grc'>33</span> <span class='ocrx_word' id='word_1_306' title='bbox 685 3366 729 3430; x_wconf 86' lang='grc' dir='ltr'>Εῖ</span> <span class='ocrx_word' id='word_1_307' title='bbox 762 3365 941 3450; x_wconf 86' lang='lat' dir='ltr'>cogitabant</span> <span class='ocrx_word' id='word_1_308' title='bbox 975 3367 1014 3430; x_wconf 91' lang='lat' dir='ltr'>ad</span> <span class='ocrx_word' id='word_1_309' title='bbox 1048 3368 1235 3432; x_wconf 89' lang='lat' dir='ltr'>alterutrum</span> <span class='ocrx_word' id='word_1_310' title='bbox 1270 3369 1354 3452; x_wconf 93' lang='lat' dir='ltr'>quod</span> <span class='ocrx_word' id='word_1_311' title='bbox 1384 3392 1481 3455; x_wconf 89' lang='lat' dir='ltr'>panes</span> <span class='ocrx_word' id='word_1_312' title='bbox 1604 3445 1609 3455; x_wconf 24' lang='grc' dir='ltr'>ι</span> 
     </span>
    </p>
   </div>
   <div class='ocr_carea' id='block_1_6' title="bbox 250 3467 1570 4578">
    <p class='ocr_par' dir='ltr' id='par_1_6' title="bbox 250 3467 1570 4578">
     <span class='ocr_line' id='line_1_32' title="bbox 251 3467 1482 3554; baseline 0.004 -22"><span class='ocrx_word' id='word_1_313' title='bbox 251 3469 412 3533; x_wconf 88' lang='lat' dir='ltr'>haberent.</span> <span class='ocrx_word' id='word_1_314' title='bbox 459 3467 485 3505; x_wconf 81' lang='grc'>33</span> <span class='ocrx_word' id='word_1_315' title='bbox 531 3467 603 3552; x_wconf 72' lang='lat' dir='ltr'>Quo</span> <span class='ocrx_word' id='word_1_316' title='bbox 626 3468 751 3552; x_wconf 80' lang='lat' dir='ltr'>cognito</span> <span class='ocrx_word' id='word_1_317' title='bbox 774 3467 826 3532; x_wconf 79' lang='lat' dir='ltr'>ihs</span> <span class='ocrx_word' id='word_1_318' title='bbox 849 3468 894 3533; x_wconf 91' lang='lat' dir='ltr'>ait</span> <span class='ocrx_word' id='word_1_319' title='bbox 916 3467 980 3534; x_wconf 92' lang='lat' dir='ltr'>illis</span> <span class='ocrx_word' id='word_1_320' title='bbox 1003 3469 1080 3554; x_wconf 91' lang='lat' dir='ltr'>quid</span> <span class='ocrx_word' id='word_1_321' title='bbox 1103 3469 1249 3554; x_wconf 86' lang='lat' dir='ltr'>cogitatis</span> <span class='ocrx_word' id='word_1_322' title='bbox 1273 3470 1308 3534; x_wconf 89' lang='lat' dir='ltr'>in</span> <span class='ocrx_word' id='word_1_323' title='bbox 1338 3471 1482 3537; x_wconf 90' lang='lat' dir='ltr'>cordibus</span> 
     </span>
     <span class='ocr_line' id='line_1_33' title="bbox 252 3569 1483 3660; baseline 0.004 -26"><span class='ocrx_word' id='word_1_324' title='bbox 252 3572 365 3636; x_wconf 88' lang='lat' dir='ltr'>uestris</span> <span class='ocrx_word' id='word_1_325' title='bbox 388 3569 463 3655; x_wconf 90' lang='lat' dir='ltr'>quia</span> <span class='ocrx_word' id='word_1_326' title='bbox 485 3593 582 3656; x_wconf 89' lang='lat' dir='ltr'>panes</span> <span class='ocrx_word' id='word_1_327' title='bbox 605 3594 667 3635; x_wconf 91' lang='lat' dir='ltr'>non</span> <span class='ocrx_word' id='word_1_328' title='bbox 691 3570 814 3635; x_wconf 89' lang='lat' dir='ltr'>habetis</span> <span class='ocrx_word' id='word_1_329' title='bbox 837 3571 977 3634; x_wconf 89' lang='lat' dir='ltr'>nondum</span> <span class='ocrx_word' id='word_1_330' title='bbox 999 3570 1187 3657; x_wconf 90' lang='lat' dir='ltr'>intelligitis.</span> <span class='ocrx_word' id='word_1_331' title='bbox 1210 3573 1279 3637; x_wconf 91' lang='lat' dir='ltr'>Nec</span> <span class='ocrx_word' id='word_1_332' title='bbox 1305 3574 1483 3660; x_wconf 90' lang='lat' dir='ltr'>perspicitis</span> 
     </span>
     <span class='ocr_line' id='line_1_34' title="bbox 250 3671 1482 3741; baseline 0.004 -5"><span class='ocrx_word' id='word_1_333' title='bbox 250 3673 298 3737; x_wconf 86' lang='lat' dir='ltr'>sio</span> <span class='ocrx_word' id='word_1_334' title='bbox 320 3675 431 3738; x_wconf 89' lang='lat' dir='ltr'>obtusa</span> <span class='ocrx_word' id='word_1_335' title='bbox 453 3673 545 3738; x_wconf 89' lang='lat' dir='ltr'>corda</span> <span class='ocrx_word' id='word_1_336' title='bbox 568 3680 681 3738; x_wconf 89' lang='lat' dir='ltr'>uestra.</span> <span class='ocrx_word' id='word_1_337' title='bbox 729 3671 755 3708; x_wconf 82' lang='grc'>33</span> <span class='ocrx_word' id='word_1_338' title='bbox 800 3672 917 3738; x_wconf 93' lang='lat' dir='ltr'>Oculos</span> <span class='ocrx_word' id='word_1_339' title='bbox 939 3675 1091 3739; x_wconf 90' lang='lat' dir='ltr'>habentes</span> <span class='ocrx_word' id='word_1_340' title='bbox 1112 3698 1176 3738; x_wconf 91' lang='lat' dir='ltr'>non</span> <span class='ocrx_word' id='word_1_341' title='bbox 1199 3674 1314 3740; x_wconf 88' lang='lat' dir='ltr'>uidetis</span> <span class='ocrx_word' id='word_1_342' title='bbox 1337 3685 1368 3740; x_wconf 91' lang='lat' dir='ltr'>et</span> <span class='ocrx_word' id='word_1_343' title='bbox 1390 3699 1482 3741; x_wconf 90' lang='lat' dir='ltr'>aures</span> 
     </span>
     <span class='ocr_line' id='line_1_35' title="bbox 252 3773 1482 3864; baseline 0.005 -26"><span class='ocrx_word' id='word_1_344' title='bbox 252 3775 403 3841; x_wconf 86' lang='lat' dir='ltr'>habentes</span> <span class='ocrx_word' id='word_1_345' title='bbox 426 3798 487 3841; x_wconf 90' lang='lat' dir='ltr'>non</span> <span class='ocrx_word' id='word_1_346' title='bbox 513 3773 628 3839; x_wconf 89' lang='lat' dir='ltr'>auditis</span> <span class='ocrx_word' id='word_1_347' title='bbox 645 3798 702 3840; x_wconf 91' lang='lat' dir='ltr'>nec</span> <span class='ocrx_word' id='word_1_348' title='bbox 718 3774 750 3838; x_wconf 93' lang='lat' dir='ltr'>in</span> <span class='ocrx_word' id='word_1_349' title='bbox 767 3781 852 3840; x_wconf 74' lang='lat' dir='ltr'>mete</span> <span class='ocrx_word' id='word_1_350' title='bbox 868 3774 991 3841; x_wconf 90' lang='lat' dir='ltr'>habetis</span> <span class='ocrx_word' id='word_1_351' title='bbox 1004 3774 1081 3840; x_wconf 63' lang='lat' dir='ltr'>1lde</span> <span class='ocrx_word' id='word_1_352' title='bbox 1097 3776 1238 3863; x_wconf 89' lang='lat' dir='ltr'>quinque</span> <span class='ocrx_word' id='word_1_353' title='bbox 1253 3778 1387 3864; x_wconf 91' lang='lat' dir='ltr'>panibus</span> <span class='ocrx_word' id='word_1_354' title='bbox 1404 3802 1482 3863; x_wconf 89' lang='lat' dir='ltr'>quos</span> 
     </span>
     <span class='ocr_line' id='line_1_36' title="bbox 252 3876 1481 3966; baseline 0.004 -26"><span class='ocrx_word' id='word_1_355' title='bbox 252 3876 332 3962; x_wconf 87' lang='lat' dir='ltr'>fregi</span> <span class='ocrx_word' id='word_1_356' title='bbox 354 3879 388 3942; x_wconf 92' lang='lat' dir='ltr'>in</span> <span class='ocrx_word' id='word_1_357' title='bbox 410 3877 551 3964; x_wconf 90' lang='lat' dir='ltr'>quinque</span> <span class='ocrx_word' id='word_1_358' title='bbox 575 3877 675 3942; x_wconf 88' lang='lat' dir='ltr'>millia</span> <span class='ocrx_word' id='word_1_359' title='bbox 702 3877 876 3942; x_wconf 90' lang='lat' dir='ltr'>hominum.</span> <span class='ocrx_word' id='word_1_360' title='bbox 923 3877 1016 3961; x_wconf 76' lang='lat' dir='ltr'>Quod</span> <span class='ocrx_word' id='word_1_361' title='bbox 1049 3878 1201 3964; x_wconf 90' lang='lat' dir='ltr'>cophinos</span> <span class='ocrx_word' id='word_1_362' title='bbox 1234 3878 1481 3966; x_wconf 88' lang='lat' dir='ltr'>fragmentorum</span> 
     </span>
     <span class='ocr_line' id='line_1_37' title="bbox 252 3977 1483 4068; baseline 0.003 -24"><span class='ocrx_word' id='word_1_363' title='bbox 252 3979 378 4047; x_wconf 90' lang='lat' dir='ltr'>tulistis.</span> <span class='ocrx_word' id='word_1_364' title='bbox 402 3979 458 4066; x_wconf 91' lang='lat' dir='ltr'>qui</span> <span class='ocrx_word' id='word_1_365' title='bbox 480 3980 630 4044; x_wconf 84' lang='lat' dir='ltr'>dixerunt</span> <span class='ocrx_word' id='word_1_366' title='bbox 651 3980 734 4044; x_wconf 88' lang='lat' dir='ltr'>XH.</span> <span class='ocrx_word' id='word_1_367' title='bbox 781 3977 808 4016; x_wconf 84' lang='grc'>33</span> <span class='ocrx_word' id='word_1_368' title='bbox 853 3979 987 4065; x_wconf 80' lang='lat' dir='ltr'>Quando</span> <span class='ocrx_word' id='word_1_369' title='bbox 1011 3990 1118 4046; x_wconf 90' lang='lat' dir='ltr'>autem</span> <span class='ocrx_word' id='word_1_370' title='bbox 1140 3990 1262 4067; x_wconf 89' lang='lat' dir='ltr'>septem</span> <span class='ocrx_word' id='word_1_371' title='bbox 1283 3982 1315 4047; x_wconf 90' lang='lat' dir='ltr'>in</span> <span class='ocrx_word' id='word_1_372' title='bbox 1348 3994 1483 4068; x_wconf 91' lang='lat' dir='ltr'>quatuor</span> 
     </span>
     <span class='ocr_line' id='line_1_38' title="bbox 252 4081 1570 4168; baseline 0.007 -25"><span class='ocrx_word' id='word_1_373' title='bbox 252 4081 353 4145; x_wconf 87' lang='lat' dir='ltr'>millia</span> <span class='ocrx_word' id='word_1_374' title='bbox 374 4082 539 4146; x_wconf 89' lang='lat' dir='ltr'>hominum</span> <span class='ocrx_word' id='word_1_375' title='bbox 562 4082 645 4166; x_wconf 93' lang='lat' dir='ltr'>quod</span> <span class='ocrx_word' id='word_1_376' title='bbox 670 4089 790 4168; x_wconf 91' lang='lat' dir='ltr'>sportas</span> <span class='ocrx_word' id='word_1_377' title='bbox 813 4081 1062 4166; x_wconf 78' lang='lat' dir='ltr'>fragmentorum</span> <span class='ocrx_word' id='word_1_378' title='bbox 1090 4083 1216 4149; x_wconf 90' lang='lat' dir='ltr'>tulistis.</span> <span class='ocrx_word' id='word_1_379' title='bbox 1250 4086 1288 4150; x_wconf 92' lang='lat' dir='ltr'>ad</span> <span class='ocrx_word' id='word_1_380' title='bbox 1321 4085 1368 4150; x_wconf 92' lang='lat' dir='ltr'>illi</span> <span class='ocrx_word' id='word_1_381' title='bbox 1394 4086 1480 4152; x_wconf 84' lang='lat' dir='ltr'>dixe·</span> <span class='ocrx_word' id='word_1_382' title='bbox 1519 4108 1522 4115; x_wconf 87' lang='grc'><strong>’</strong></span> <span class='ocrx_word' id='word_1_383' title='bbox 1566 4123 1570 4129; x_wconf 86' lang='grc'><strong><em>·</em></strong></span> 
     </span>
     <span class='ocr_line' id='line_1_39' title="bbox 253 4183 1483 4270; baseline 0.007 -24"><span class='ocrx_word' id='word_1_384' title='bbox 253 4192 328 4248; x_wconf 90' lang='lat' dir='ltr'>runt</span> <span class='ocrx_word' id='word_1_385' title='bbox 349 4192 469 4270; x_wconf 89' lang='lat' dir='ltr'>septem</span> <span class='ocrx_word' id='word_1_386' title='bbox 482 4184 507 4220; x_wconf 88' lang='grc'>33</span> <span class='ocrx_word' id='word_1_387' title='bbox 520 4191 552 4249; x_wconf 90' lang='lat' dir='ltr'>et</span> <span class='ocrx_word' id='word_1_388' title='bbox 579 4184 623 4250; x_wconf 91' lang='lat' dir='ltr'>ait</span> <span class='ocrx_word' id='word_1_389' title='bbox 651 4183 715 4248; x_wconf 91' lang='lat' dir='ltr'>illis</span> <span class='ocrx_word' id='word_1_390' title='bbox 749 4185 904 4270; x_wconf 91' lang='lat' dir='ltr'>quomodo</span> <span class='ocrx_word' id='word_1_391' title='bbox 939 4185 1079 4250; x_wconf 91' lang='lat' dir='ltr'>nondum</span> <span class='ocrx_word' id='word_1_392' title='bbox 1112 4186 1323 4254; x_wconf 88' lang='lat' dir='ltr'>intellexistis.</span> <span class='ocrx_word' id='word_1_393' title='bbox 1369 4187 1396 4224; x_wconf 86' lang='grc'>33</span> <span class='ocrx_word' id='word_1_394' title='bbox 1438 4190 1483 4254; x_wconf 86' lang='grc' dir='ltr'>Εῖ</span> 
     </span>
     <span class='ocr_line' id='line_1_40' title="bbox 253 4284 1483 4373; baseline 0.006 -24"><span class='ocrx_word' id='word_1_395' title='bbox 253 4284 387 4351; x_wconf 90' lang='lat' dir='ltr'>ueniunt</span> <span class='ocrx_word' id='word_1_396' title='bbox 419 4287 600 4352; x_wconf 89' lang='lat' dir='ltr'>bethaniam</span> <span class='ocrx_word' id='word_1_397' title='bbox 633 4294 664 4351; x_wconf 92' lang='lat' dir='ltr'>et</span> <span class='ocrx_word' id='word_1_398' title='bbox 691 4286 838 4352; x_wconf 88' lang='lat' dir='ltr'>adferunt</span> <span class='ocrx_word' id='word_1_399' title='bbox 872 4309 1000 4352; x_wconf 88' lang='lat' dir='ltr'>caecum</span> <span class='ocrx_word' id='word_1_400' title='bbox 1034 4296 1066 4352; x_wconf 90' lang='lat' dir='ltr'>et</span> <span class='ocrx_word' id='word_1_401' title='bbox 1098 4300 1289 4373; x_wconf 90' lang='lat' dir='ltr'>rogauerunt</span> <span class='ocrx_word' id='word_1_402' title='bbox 1321 4290 1413 4355; x_wconf 91' lang='lat' dir='ltr'>illum</span> <span class='ocrx_word' id='word_1_403' title='bbox 1447 4300 1483 4356; x_wconf 92' lang='lat' dir='ltr'>ut</span> 
     </span>
     <span class='ocr_line' id='line_1_41' title="bbox 253 4388 1483 4474; baseline 0.005 -22"><span class='ocrx_word' id='word_1_404' title='bbox 253 4411 326 4452; x_wconf 90' lang='lat' dir='ltr'>eum</span> <span class='ocrx_word' id='word_1_405' title='bbox 349 4397 502 4474; x_wconf 88' lang='lat' dir='ltr'>tangeret.</span> <span class='ocrx_word' id='word_1_406' title='bbox 516 4388 542 4426; x_wconf 83' lang='grc'>33</span> <span class='ocrx_word' id='word_1_407' title='bbox 555 4399 586 4455; x_wconf 90' lang='lat' dir='ltr'>et</span> <span class='ocrx_word' id='word_1_408' title='bbox 608 4389 847 4474; x_wconf 89' lang='lat' dir='ltr'>adprehendens</span> <span class='ocrx_word' id='word_1_409' title='bbox 870 4412 998 4453; x_wconf 88' lang='lat' dir='ltr'>manum</span> <span class='ocrx_word' id='word_1_410' title='bbox 1022 4390 1106 4455; x_wconf 90' lang='lat' dir='ltr'>caeci</span> <span class='ocrx_word' id='word_1_411' title='bbox 1134 4400 1166 4456; x_wconf 91' lang='lat' dir='ltr'>et</span> <span class='ocrx_word' id='word_1_412' title='bbox 1194 4391 1287 4457; x_wconf 88' lang='lat' dir='ltr'>duxit</span> <span class='ocrx_word' id='word_1_413' title='bbox 1312 4391 1404 4457; x_wconf 93' lang='lat' dir='ltr'>illum</span> <span class='ocrx_word' id='word_1_414' title='bbox 1431 4417 1483 4458; x_wconf 83' lang='lat' dir='ltr'>ex-</span> 
     </span>
     <span class='ocr_line' id='line_1_42' title="bbox 253 4491 1483 4578; baseline 0.006 -24"><span class='ocrx_word' id='word_1_415' title='bbox 253 4497 303 4555; x_wconf 88' lang='lat' dir='ltr'>tra</span> <span class='ocrx_word' id='word_1_416' title='bbox 325 4491 489 4558; x_wconf 90' lang='lat' dir='ltr'>castellum</span> <span class='ocrx_word' id='word_1_417' title='bbox 513 4501 544 4557; x_wconf 90' lang='lat' dir='ltr'>et</span> <span class='ocrx_word' id='word_1_418' title='bbox 568 4515 725 4578; x_wconf 87' lang='lat' dir='ltr'>exspuens</span> <span class='ocrx_word' id='word_1_419' title='bbox 748 4491 781 4555; x_wconf 89' lang='lat' dir='ltr'>in</span> <span class='ocrx_word' id='word_1_420' title='bbox 805 4491 911 4556; x_wconf 87' lang='lat' dir='ltr'>oculos</span> <span class='ocrx_word' id='word_1_421' title='bbox 935 4491 1002 4556; x_wconf 87' lang='lat' dir='ltr'>eius</span> <span class='ocrx_word' id='word_1_422' title='bbox 1025 4492 1172 4577; x_wconf 88' lang='lat' dir='ltr'>inpositis</span> <span class='ocrx_word' id='word_1_423' title='bbox 1194 4492 1241 4557; x_wconf 92' lang='lat' dir='ltr'>illi</span> <span class='ocrx_word' id='word_1_424' title='bbox 1262 4495 1408 4561; x_wconf 88' lang='lat' dir='ltr'>manibus</span> <span class='ocrx_word' id='word_1_425' title='bbox 1437 4499 1483 4561; x_wconf 90' lang='lat' dir='ltr'>in-</span> 
     </span>
    </p>
   </div>
   <div class='ocr_carea' id='block_1_7' title="bbox 254 4591 1483 4758">
    <p class='ocr_par' dir='ltr' id='par_1_7' title="bbox 254 4591 1483 4758">
     <span class='ocr_line' id='line_1_43' title="bbox 254 4591 1483 4680; baseline 0.006 -24"><span class='ocrx_word' id='word_1_426' title='bbox 254 4595 433 4678; x_wconf 87' lang='lat' dir='ltr'>terrogabat</span> <span class='ocrx_word' id='word_1_427' title='bbox 454 4593 544 4658; x_wconf 90' lang='lat' dir='ltr'>illum</span> <span class='ocrx_word' id='word_1_428' title='bbox 569 4593 595 4657; x_wconf 92' lang='lat' dir='ltr'>si</span> <span class='ocrx_word' id='word_1_429' title='bbox 618 4594 737 4680; x_wconf 90' lang='lat' dir='ltr'>aliquid</span> <span class='ocrx_word' id='word_1_430' title='bbox 761 4593 892 4658; x_wconf 90' lang='lat' dir='ltr'>uideret.</span> <span class='ocrx_word' id='word_1_431' title='bbox 940 4591 966 4628; x_wconf 79' lang='grc'>33</span> <span class='ocrx_word' id='word_1_432' title='bbox 1010 4594 1054 4658; x_wconf 80' lang='lat' dir='ltr'>Et</span> <span class='ocrx_word' id='word_1_433' title='bbox 1087 4596 1240 4680; x_wconf 89' lang='lat' dir='ltr'>aspiciens</span> <span class='ocrx_word' id='word_1_434' title='bbox 1274 4597 1356 4662; x_wconf 82' lang='lat' dir='ltr'>dixit</span> <span class='ocrx_word' id='word_1_435' title='bbox 1389 4597 1483 4663; x_wconf 92' lang='lat' dir='ltr'>uideo</span> 
     </span>
     <span class='ocr_line' id='line_1_44' title="bbox 408 4704 1328 4758; baseline -0.005 -1"><span class='ocrx_word' id='word_1_436' title='bbox 408 4713 458 4758; x_wconf 90' lang='lat' dir='ltr'>cod.</span> <span class='ocrx_word' id='word_1_437' title='bbox 474 4712 535 4758; x_wconf 89' lang='lat' dir='ltr'>corb.</span> <span class='ocrx_word' id='word_1_438' title='bbox 1312 4704 1328 4752; x_wconf 87' lang='grc'>8</span> 
     </span>
    </p>
   </div>
   <div class='ocr_carea' id='block_1_8' title="bbox 0 0 1740 5192">
    <p class='ocr_par' dir='ltr' id='par_1_8' title="bbox 0 0 1740 5192">
     <span class='ocr_line' id='line_1_45' title="bbox 0 0 1740 5192; baseline 0 0"><span class='ocrx_word' id='word_1_439' title='bbox 0 0 1740 5192; x_wconf 95' lang='lat' dir='ltr'> </span> 
     </span>
    </p>
   </div>
  </div>
 </body>
</html>
