3467 5192
679 280 834 334 iohannem
852 279 890 347 (c.
910 279 948 348 2).
1385 287 1425 350 31

201 445 313 512 uinum
335 448 479 535 penitet
502 450 540 514 01¹1
563 449 711 516 inebriati
734 450 849 516 fierint.
874 453 972 534 [tuno]
997 452 1029 517 id
1053 453 1137 538 quod
1159 453 1299 520 deterius
1321 460 1369 521 est
1390 461 1426 520 tu
1519 531 1523 534 ⁴

201 574 277 616 uero
300 551 433 616 seruasti
455 551 571 617 bonum
595 552 707 619 uinum
731 577 829 639 usquc
855 555 967 620 adhuc.
1015 553 1040 590 ¹¹
1085 555 1157 621 Hoc
1189 555 1266 622 fecit
1298 557 1425 622 initium

200 653 361 738 signorum
383 655 436 718 ihs
459 655 493 718 in
516 677 617 720 canan
639 656 771 740 galileae
797 665 829 722 et
861 656 1078 723 manifestauit
1108 657 1239 743 gloriam
1273 682 1360 724 suam
1396 663 1428 724 et

200 755 401 821 crediderunt
423 756 457 820 in
479 781 553 821 eum
575 757 722 844 discipuli
744 758 822 824 eius.
868 757 896 794 ¹²
932 759 1008 823 Post
1025 761 1084 825 hoc
1098 760 1261 826 descendit
1278 762 1426 848 chaphar-

200 882 295 923 naum
319 857 386 944 ipse
409 865 441 924 et
464 865 564 924 mater
586 859 654 925 eius
677 866 709 925 et
729 859 841 926 fratres
864 861 934 926 eius
962 865 1006 939 [et
1031 861 1178 948 discipuli
1205 862 1283 946 eius]
1318 871 1350 928 et
1381 864 1426 928 ibi

199 966 383 1026 manserunt
405 985 468 1026 non
491 962 607 1027 multos
629 962 704 1027 dies.

285 1063 326 1128 V.
374 1061 399 1099 ¹³
443 1064 487 1128 Et
508 1086 605 1150 prope
628 1070 695 1130 erat
718 1066 834 1151 pascha
856 1065 1042 1131 iudaeorum
1065 1072 1097 1132 et
1119 1067 1259 1132 ascendit
1281 1067 1332 1132 111
1363 1068 1426 1134 hie

199 1166 388 1251 rosolymam
402 1164 429 1201 ¹⁴
440 1177 472 1231 et
494 1166 620 1231 inuenit
642 1166 675 1230 in
699 1168 816 1252 templo
839 1168 1014 1235 uendentes
1037 1169 1133 1234 boues
1159 1174 1191 1234 91
1219 1193 1295 1235 9999
1324 1176 1357 1236 91
1378 1195 1425 1238 99

199 1269 310 1334 199199
333 1275 365 1335 91
386 1267 584 1353 numularios
607 1269 761 1334 sedentes.
776 1268 802 1308 ¹⁶
814 1278 845 1336 91
868 1294 938 1334 curn
963 1269 1090 1358 fecisset
1111 1272 1372 1356 quasiflagellum
1388 1273 1426 1339 de

199 1375 281 1436 reste
303 1377 336 1436 et
358 1395 467 1436 omnes
491 1370 585 1437 eiecit
607 1371 645 1437 de
668 1373 785 1458 templo
811 1374 885 1438 obes
908 1395 1033 1458 quoque
1056 1388 1089 1438 91
1110 1375 1205 1439 19999
1227 1381 1259 1440 91
1280 1376 1423 1440 numula-

199 1473 317 1538 riorum
341 1473 456 1539 effudit
479 1495 533 1538 aes
556 1479 588 1538 et
610 1497 734 1539 mensas
757 1473 1009 1541 subuertit.1⁶et
1030 1474 1081 1541 his
1103 1475 1159 1560 qui
1175 1476 1355 1542 uendebant
1376 1499 1424 1541 99-

201 1575 325 1642 lumbes
348 1577 440 1642 dixit.
465 1574 587 1641 auferte
610 1576 670 1641 ista
691 1576 767 1642 hinc
788 1585 820 1642 et
842 1577 941 1643 nolite
964 1578 1067 1643 facere
1089 1578 1216 1644 domum
1235 1578 1333 1664 patris
1363 1579 1427 1645 mei

199 1678 326 1743 domum
349 1677 582 1763 negotiationis.
630 1677 657 1716 ¹⁷
700 1679 744 1744 Et
766 1679 966 1746 rememorati
988 1685 1063 1746 9991
1085 1680 1232 1766 discipuli
1260 1681 1328 1746 eius
1351 1682 1426 1766 quia

199 1780 350 1867 scriptum
384 1787 432 1846 991
464 1782 550 1846 aelus
583 1781 695 1847 domus
728 1789 802 1848 tuae
836 1782 971 1848 comedit
1004 1806 1064 1847 me.
1111 1781 1138 1820 ¹⁸
1181 1784 1427 1870 Responderunt

199 1905 273 1966 ergo
296 1882 402 1948 iudaei
425 1891 457 1949 et
479 1883 628 1949 dixerunt
650 1883 679 1948 ei
704 1887 787 1969 quod
810 1885 936 1970 signum
959 1885 1099 1951 ostendis
1127 1886 1216 1952 nobis
1243 1886 1319 1971 quia
1345 1889 1425 1953 haec

198 1984 285 2050 facis.
332 1984 358 2022 ¹⁹
401 1986 580 2072 Respondit
617 1986 670 2050 ihs
705 1993 736 2053 91
763 1988 846 2053 dixit
868 1989 915 2052 eis
937 1987 1051 2055 soluite
1072 1991 1228 2074 templum
1256 1989 1316 2054 hoc
1337 1999 1371 2055 et
1392 1990 1426 2054 in

167 2104 171 2108 ·
200 2085 300 2152 tribus
323 2087 434 2154 diebus
457 2088 601 2155 excitabo
623 2090 703 2155 illud
717 2089 744 2128 ²⁰
754 2090 905 2155 dixerunt
928 2114 1001 2175 ergo
1023 2084 1129 2156 iudaei
1159 2092 1367 2177 quadraginta
1394 2102 1426 2159 et

200 2190 369 2255 sexennis
392 2191 571 2256 edificatum
595 2198 643 2258 991
665 2194 818 2279 templum
841 2194 900 2258 hoc
923 2203 954 2258 et
976 2199 1010 2258 tu
1033 2193 1067 2258 in
1089 2192 1189 2258 tribus
1212 2194 1322 2259 diebus
1344 2195 1425 2260 exci-

199 2291 282 2358 tabis
307 2293 396 2359 illud.
411 2293 435 2329 ²¹
448 2293 502 2358 ille
531 2301 605 2360 autc
635 2296 757 2360 dicebat
788 2296 827 2361 de
848 2296 968 2382 templo
999 2296 1136 2382 corporis
1169 2296 1227 2360 sui.
1273 2295 1300 2332 ²²
1344 2298 1426 2363 Oum

198 2417 272 2479 ergo
295 2396 519 2462 resurrexisset
541 2422 559 2461 a
581 2398 713 2463 mortuis
740 2398 940 2463 rememorati
963 2405 1038 2462 sunt
1070 2397 1217 2484 discipuli
1250 2398 1333 2464 eius
1350 2399 1426 2484 quia
1449 2434 1451 2439 v

198 2497 257 2562 hoc
279 2498 402 2564 dicebat
425 2507 457 2564 et
480 2500 680 2566 crediderunt
702 2501 875 2587 scripturae
898 2508 930 2566 et
952 2500 1088 2566 sermoni
1120 2524 1214 2586 quem
1248 2501 1330 2566 dixit
1363 2501 1422 2566 ihs.

199 2598 226 2637 ²⁸
270 2600 351 2665 Oum
375 2611 481 2667 autom
505 2611 587 2668 esset
609 2603 642 2667 in
665 2603 877 2669 hierosolimis
899 2604 932 2668 in
955 2610 1071 2690 pascha
1093 2604 1126 2667 in
1150 2603 1200 2669 die
1228 2603 1308 2669 festo
1331 2606 1424 2670 multi

198 2702 399 2768 crediderunt
420 2704 454 2768 in
477 2705 604 2771 nomine
627 2706 695 2771 9199
719 2706 863 2771 91199199
887 2707 978 2790 signa
1004 2707 1072 2771 eius
1099 2730 1181 2793 quae
1207 2706 1352 2774 faciebat.
1399 2706 1426 2743 ²⁴

197 2803 272 2891 Ipse
295 2812 399 2870 autem
424 2806 476 2870 ihs
498 2832 560 2872 nou
584 2809 730 2873 credebat
752 2807 957 2894 semetipsum
981 2808 1028 2874 919
1050 2832 1087 2872 99
1110 2808 1192 2893 quod
1223 2808 1291 2894 ipse
1319 2816 1425 2875 nosset

198 2906 411 2990 9999925191]
438 2910 514 2994 quia
537 2933 615 2996 opus
638 2911 667 2975 91
691 2934 753 2975 999
777 2918 844 2975 erat
866 2921 903 2974 ut
925 2910 995 2996 quis
1013 2910 1229 2976 testimonium
1245 2911 1426 2996 perhiberet

198 3008 237 3073 (19
259 3009 398 3074 homine.
421 3009 489 3097 ipse
512 3012 597 3077 enim
621 3013 739 3078 sciebat
762 3012 837 3099 quid
861 3015 999 3078 9999119
1023 3012 1192 3077 bominem.

285 3113 343 3179 VI.
390 3119 429 3189 (9.
453 3115 488 3189 3)
535 3113 545 3149 ¹
589 3116 669 3179 Erat
698 3122 804 3180 autem
832 3117 925 3180 homo
955 3138 995 3179 ex
1023 3114 1195 3201 pharisaeis
1224 3116 1353 3180 nomine
1379 3117 1424 3180 ni-

199 3215 369 3280 chodemus
391 3215 537 3302 princeps
561 3208 734 3283 iudeorum.
749 3217 823 3283 lbio
846 3218 938 3283 uenit
959 3219 998 3282 ad
1021 3241 1093 3282 eum
1116 3222 1207 3283 99919
1225 3224 1258 3282 91
1286 3217 1368 3284 dixit
1393 3219 1423 3284 ei

199 3317 287 3382 rabbi
308 3317 424 3400 scimus
447 3319 522 3405 quia
546 3343 564 3384 9
587 3320 626 3384 do
649 3319 767 3386 uenisti
790 3320 940 3405 magister
968 3344 1061 3385 nemo
1090 3319 1175 3386 enim
1204 3326 1307 3406 potest
1334 3320 1424 3406 signa

197 3421 275 3486 haec
296 3419 399 3486 facere
422 3445 502 3506 quae
524 3428 560 3486 tu
583 3422 685 3488 fecisti
708 3422 770 3489 nisi
791 3422 890 3487 fuerit
915 3423 952 3487 ds
984 3447 1055 3488 cum
1086 3420 1349 3508 illo.³respondit
1373 3423 1425 3487 ihs

199 3530 229 3587 91
252 3523 334 3587 dixit
356 3523 395 3588 ei.
440 3525 548 3589 Amen
571 3549 661 3590 amen
686 3525 755 3592 dieo
778 3525 834 3591 tibi
857 3525 921 3590 9191
944 3525 1015 3610 quia
1038 3528 1166 3590 renatus
1197 3524 1294 3590 luerit
1319 3526 1423 3590 denuo
1536 3610 1538 3614 Ι

197 3647 260 3688 999
282 3630 388 3710 potest
410 3625 517 3692 uidere
540 3650 671 3711 regnum
694 3628 736 3694 di.
781 3627 795 3663 ⁴
840 3627 927 3692 Dicit
953 3628 993 3691 ad
1026 3651 1098 3692 eum
1131 3627 1313 3692 nicodemus
1346 3651 1421 3712 quo·

198 3726 289 3790 modo
312 3732 417 3812 potest
437 3728 531 3794 homo
553 3731 639 3795 99991
664 3753 733 3794 curn
758 3753 855 3794 senex
882 3728 924 3794 sit
953 3729 1109 3813 numquid
1136 3734 1240 3815 potest
1266 3730 1360 3793 homo
1388 3729 1423 3794 in

197 3834 309 3894 uentre
334 3831 540 3896 matrissuae
563 3831 676 3897 iterato
698 3832 829 3897 introire
852 3838 885 3897 91
906 3831 1038 3897 renasci.
1071 3830 1084 3867 ⁵
1117 3831 1160 3896 Et
1181 3832 1342 3917 respondit
1360 3831 1420 3896 ihs.

197 3954 289 3996 amen
312 3955 405 3996 aman
427 3933 497 3998 dico
520 3933 579 3998 tibi
601 3933 663 3999 nisi
685 3934 756 4019 quis
779 3942 908 4000 renatus
931 3933 1029 4000 fuerit
1050 3958 1090 3998 ex
1113 3957 1195 4018 aqua
1223 3941 1256 3999 91
1284 3933 1343 4020 spfi
1370 3939 1422 4000 991

198 4038 240 4097 ni)
263 4038 368 4120 potest
390 4035 520 4101 introire
543 4036 577 4100 in
599 4060 730 4120 regnum
755 4037 795 4101 di.
810 4034 915 4121 ‘quod
941 4043 1052 4101 natum
1075 4043 1123 4101 991
1154 4035 1193 4100 (19
1225 4059 1318 4100 carne
1351 4059 1422 4101 caro

199 4141 246 4200 est
268 4135 344 4221 quia
366 4137 405 4202 de
428 4160 520 4203 carne
544 4145 653 4203 netum
677 4144 732 4204 est.
758 4144 791 4204 91
812 4140 895 4224 quod
917 4145 1028 4204 natum
1058 4146 1105 4204 est
1134 4161 1172 4202 ex
1197 4138 1256 4224 spii
1288 4142 1342 4222 spb
1375 4144 1423 4203 991

197 4238 272 4323 quia
294 4238 332 4302 ds
354 4244 408 4324 sps
428 4246 485 4305 est,
501 4240 587 4306 7999
611 4241 734 4306 mireris
758 4241 832 4326 quia
855 4241 922 4305 dixi
944 4241 1010 4307 1111.
1033 4247 1156 4327 oportet
1178 4263 1234 4305 999
1263 4239 1349 4305 99991
1372 4241 1422 4305 de·

197 4364 259 4406 nuo
272 4338 285 4377 ⁸
296 4345 350 4426 sps
372 4342 427 4407 ubi
450 4343 520 4407 uult
542 4343 640 4430 spirat
662 4355 694 4409 91
716 4345 918 4410 9999199199
942 4343 1031 4408 audis
1047 4343 1101 4408 sed
1116 4367 1180 4407 non
1195 4341 1256 4408 9919
1270 4343 1355 4407 9919
1370 4366 1422 4406 ue

192 4441 260 4507 9191
283 4450 316 4507 91
338 4466 399 4528 quo
422 4446 526 4509 nadat.
551 4445 595 4510 919
619 4455 666 4511 991
689 4447 791 4512 omnis
813 4446 868 4532 qui
890 4451 984 4511 natus
1007 4453 1055 4512 991
1076 4469 1117 4511 ex
1139 4468 1221 4530 aqua
1243 4453 1276 4509 91
1293 4443 1361 4530 spii.
1409 4443 1422 4481 ⁹

192 4545 371 4631 Respondit
392 4548 575 4612 nicodemus
599 4557 630 4612 et
652 4548 734 4613 dixit
756 4549 787 4614 ei
813 4549 970 4632 quomodo
996 4553 1127 4635 possunt
1159 4549 1237 4612 haec
1269 4546 1345 4612 fieri.
1393 4545 1421 4584 ¹⁰

192 4646 371 4733 Respondit
392 4648 443 4713 ihs
466 4656 499 4715 et
521 4648 603 4715 dixit
626 4649 664 4714 ei.
688 4655 723 4715 tu
746 4674 779 4716 99
801 4651 908 4718 doctor
930 4651 964 4715 in
986 4651 1117 4716 istrahel
1139 4657 1171 4716 et
1191 4651 1270 4716 haec
1284 4649 1417 4736 ignoras.
