3467 5192
683 268 815 321 lucanum
830 271 868 340 (c.
891 267 946 332 11).
1384 269 1423 330 81

190 437 259 504 bic.
304 435 331 474 ³³
374 439 479 504 Nemo
508 446 613 504 autem
649 437 811 502 lucernam
843 435 991 502 adcendit
1023 442 1056 502 θῖ
1087 435 1122 500 in
1154 436 1304 501 absconso
1336 436 1427 522 ponit

190 562 302 626 neque
325 543 382 605 sub
406 540 509 607 modio
532 540 587 606 sed
610 563 705 626 supra
727 539 917 604 candelabri
940 537 1053 624 utqui
1075 537 1296 622 ingrediuntur
1318 541 1426 605 lumen

197 641 337 708 uideant.
383 639 411 679 ³⁴
460 642 608 708 Lucerna
640 642 776 728 corporis
809 641 857 707 tui
891 648 940 706 θεῖ
968 641 1077 706 oculus
1110 646 1191 705 tuus.
1226 665 1299 708 cum
1330 641 1428 707 fuerit
1483 641 1491 653 ”

191 743 307 810 oculus
329 750 403 809 tuns
426 745 551 831 sinplex
573 751 674 810 totum
697 767 810 830 corpus
838 750 929 809 tuum
962 742 1103 808 lucidum
1137 748 1185 808 est
1217 767 1288 808 cum
1320 752 1427 810 autem

198 868 303 930 nequa
324 845 421 911 fuerit
443 846 507 912 etia
529 868 640 933 corpus
668 853 760 912 tuum
793 846 995 912 tenebrosum
1028 845 1098 910 erit.
1113 843 1180 910 ³⁶si
1212 868 1286 930 ergo
1318 847 1427 912 lumen

193 948 283 1033 quod
306 949 340 1013 in
362 956 395 1013 ῖθ
417 955 465 1014 θεῖ
486 951 616 1015 tenebre
638 958 713 1015 sunt
734 949 884 1015 tenebrae
906 955 981 1013 tuae
1002 956 1121 1033 quante
1142 955 1224 1014 sunt.

285 1050 476 1116 XXXVII.
522 1049 549 1090 ³⁷
592 1052 635 1117 Et
665 1075 735 1118 cum
770 1052 820 1116 ihs
853 1051 1037 1135 loqueretur
1068 1051 1146 1116 haec
1164 1050 1304 1134 ⁴rogauit
1335 1052 1428 1117 illum
1476 1118 1478 1123 ,

193 1153 328 1240 quidam
351 1153 515 1240 phariseus
533 1159 570 1218 ut
592 1174 663 1219 cum
687 1153 742 1220 illo
765 1153 935 1239 pranderet
957 1159 989 1218 et
1014 1151 1173 1238 ingressus
1201 1153 1354 1220 recubuit.
1400 1153 1428 1191 ³⁸

199 1255 391 1322 Pharisaeus
427 1265 532 1322 autem
570 1256 673 1343 coepit
714 1255 799 1322 intra
824 1279 875 1321 -εθ
919 1255 1061 1340 cogitans
1089 1254 1196 1320 dicere
1237 1279 1336 1341 quare
1364 1280 1428 1323 non

195 1359 288 1446 prius
314 1382 410 1444 quam
432 1359 637 1426 manducaret
658 1359 835 1445 baptizatus
857 1366 914 1424 est.
959 1356 988 1395 ³⁹
1030 1359 1075 1423 Et
1099 1356 1146 1422 ait
1171 1358 1240 1423 dms
1268 1359 1307 1423 ad
1337 1358 1428 1424 illum

195 1485 284 1527 nunc
306 1485 362 1528 uos
384 1461 541 1549 pharisaei
563 1461 657 1548 priusv
672 1461 757 1547 quod
779 1459 898 1526 deforis
920 1469 969 1526 θεῖ
990 1458 1097 1526 calicis
1119 1468 1152 1525 et
1173 1459 1270 1526 catini
1300 1462 1429 1527 munda·

199 1564 242 1629 tis
264 1565 348 1649 quod
370 1575 475 1630 autern
499 1565 585 1631 intus
607 1569 655 1630 est
676 1569 817 1630 uestrum
839 1565 969 1650 plenum
993 1570 1041 1629 θεῖ
1058 1561 1171 1648 rapina
1192 1572 1225 1629 et
1247 1562 1427 1648 iniquitate.

194 1665 229 1704 ⁴⁰
240 1667 328 1733 stulti
351 1690 456 1732 nonne
478 1667 533 1752 qui
555 1666 632 1733 fecit
654 1666 738 1752 quod
760 1665 878 1732 deforis
899 1674 948 1730 est
969 1664 1066 1732 etiam
1090 1665 1123 1730 id
1154 1666 1240 1750 quod
1267 1665 1354 1732 intus
1381 1676 1429 1732 θεῖ

200 1768 286 1834 fecit.
299 1768 445 1835 4¹tamen
468 1769 552 1855 quod
574 1776 717 1855 superest
738 1768 811 1834 date
833 1770 1019 1854 elemosyna
1041 1774 1073 1834 et
1094 1791 1167 1835 ecce
1189 1768 1297 1834 omnia
1316 1770 1433 1834 munda

196 1879 276 1937 sunt
297 1871 395 1938 uobis.
439 1869 469 1908 ⁴²
512 1870 576 1938 Sed
599 1895 659 1936 uae
682 1870 772 1937 uobis
796 1870 973 1957 pharisaeis
1007 1870 1062 1956 qui
1095 1870 1259 1937 decimatis
1293 1879 1432 1938 mentam

196 1979 235 2038 θῖ
256 1985 359 2040 rutam
383 1983 416 2039 et
438 1997 562 2039 omnem
576 1978 612 2055 (Ι)
627 1974 696 2038 olus
712 1973 872 2060 preteritis
887 1972 1041 2040 iudicium
1057 1981 1089 2039 et
1113 1973 1278 2040 caritatem
1300 1974 1334 2039 di
1354 1975 1433 2040 haec

197 2077 341 2162 oportuit
362 2075 466 2142 facere
489 2082 521 2142 θῖ
542 2076 599 2140 illa
621 2099 684 2141 non
711 2076 867 2142 omittere.

287 2178 498 2246 XXXVIII.
543 2177 571 2216 ⁴³
617 2179 685 2245 Uae
712 2177 803 2244 uobis
835 2178 1011 2265 pharisaeis
1044 2178 1120 2264 quia
1149 2178 1283 2264 diligitis
1314 2177 1433 2264 primas

197 2281 366 2346 cathedras
388 2282 421 2346 in
444 2281 612 2367 synagogis
634 2287 670 2347 et
692 2280 898 2346 salutationes
920 2280 954 2346 in
974 2279 1051 2347 foro.
1096 2279 1125 2318 ⁴⁴
1167 2281 1238 2347 Uae
1253 2280 1343 2346 uobis
1358 2280 1434 2365 qnia

201 2389 408 2449 monumenta
430 2382 506 2449 estis
528 2406 609 2470 quae
631 2387 673 2447 nd
695 2390 861 2469 parentet
884 2383 1027 2448 homines
1049 2385 1246 2449 ambulantes
1270 2406 1364 2469 supra
1378 2382 1434 2447 illa

200 2484 357 2551 nesciunt.
402 2484 430 2524 ⁴⁶
474 2486 682 2573 Respondeas
704 2491 811 2551 autem
833 2522 875 2532 —
900 2523 940 2531 -
1342 2570 1344 2575 Ι

290 2592 327 2668 (θ.
354 2591 408 2665 12)
422 2587 435 2627 ⁶
447 2625 488 2636 -
499 2626 540 2635 -
557 2587 745 2669 (obliuiolne
772 2611 876 2654 coram
899 2589 981 2653 dmo.
996 2587 1051 2654 'et
1073 2588 1179 2675 capilli
1201 2586 1318 2675 capitis¹
1335 2587 1434 2654 uestri

198 2714 313 2756 omnes
346 2691 503 2757 numerati
526 2697 610 2757 sunt.
633 2690 732 2756 nolite
754 2690 867 2756 timere
889 2691 999 2758 multis
1020 2691 1199 2777 passeribus
1222 2692 1320 2778 pluris
1347 2689 1431 2756 estis.

199 2792 217 2830 '⁸
261 2795 344 2859 Dico
377 2793 467 2860 uobis
500 2793 602 2859 omnis
635 2793 828 2879 quicumque
850 2793 1012 2859 confessus
1037 2792 1135 2859 fuerit
1164 2817 1215 2859 me
1246 2816 1350 2859 coram
1378 2794 1433 2859 ho-

205 2896 343 2962 minibus
369 2902 401 2961 et
427 2896 513 2962 filius
538 2894 677 2961 hominis
704 2895 905 2960 confitebitur
926 2895 961 2960 in
983 2895 1038 2960 illo
1060 2920 1132 2963 curn
1154 2896 1278 2982 angelis
1300 2896 1342 2961 di.
1357 2894 1435 2981 ⁹qui

200 3008 312 3064 autem
345 2998 511 3084 negauerit
543 3021 595 3063 me
618 3021 720 3065 coram
745 2997 926 3063 hominibus
949 2998 1156 3082 denegabitur
1178 3000 1206 3064 ei
1235 2999 1303 3084 ipse
1329 3021 1432 3064 coram

201 3101 326 3186 angelis
360 3101 402 3166 di.
448 3099 476 3138 ¹⁰
517 3102 562 3166 Et
583 3099 686 3166 omnis
708 3100 763 3186 qui
786 3099 863 3165 dicit
884 3101 1017 3166 uerbum
1041 3101 1073 3164 in
1100 3101 1202 3165 filium
1224 3099 1362 3166 hominia
1385 3123 1432 3164 re·

206 3203 352 3270 mittetur
374 3203 430 3268 illi.
454 3204 487 3268 in
511 3212 698 3289 spirantem
723 3209 830 3268 sancto
853 3202 909 3288 qui
933 3202 1051 3268 dixerit
1080 3226 1142 3268 non
1176 3202 1360 3268 remittetur.
1408 3201 1434 3239 ¹¹

202 3306 289 3371 (lum
313 3314 418 3371 autem
441 3306 593 3371 inducent
615 3329 671 3371 uos
693 3307 724 3369 in
749 3329 927 3391 synagogas
953 3318 985 3370 et
1007 3305 1046 3370 ad
1068 3305 1271 3390 magistratus
1295 3312 1326 3370 et
1350 3310 1435 3390 pote

204 3415 305 3474 states
332 3409 429 3474 nolite
461 3408 576 3474 soliciti
607 3431 674 3473 esse
708 3407 846 3492 qualiter·
881 3409 1097 3492 respondeatis
1126 3414 1182 3473 aut
1209 3406 1331 3473 dicatis.
1344 3407 1370 3444 ¹²
1381 3413 1435 3493 sps

203 3511 290 3578 enim
314 3518 442 3577 sanctus
464 3511 587 3576 docebit
609 3534 665 3576 uos
688 3512 721 3575 in
743 3511 799 3576 illa
821 3512 898 3576 hora
920 3511 996 3596 quid
1019 3516 1161 3596 oporteat
1182 3510 1294 3575 dicere.

292 3613 367 3678 XL.
415 3611 440 3650 ¹³
484 3613 744 3698 Etaitquidam
768 3614 923 3678 deturba
944 3613 1095 3697 magister
1116 3612 1167 3678 dic
1189 3611 1278 3678 fratri
1301 3634 1371 3678 meo
1399 3618 1437 3676 ut

204 3715 329 3781 diuidat
351 3739 475 3780 mecum
498 3716 715 3781 hereditatem.
762 3713 790 3752 ¹⁴
833 3715 887 3779 Ad
912 3715 964 3778 ihs
986 3715 1069 3781 dixit
1091 3714 1120 3780 ei
1142 3716 1238 3781 horno
1261 3714 1333 3800 quis
1362 3738 1434 3780 con-

206 3818 313 3884 stituit
336 3841 385 3882 me
408 3817 544 3883 iudicem
567 3827 622 3884 aut
644 3817 813 3882 diuisorem
837 3839 932 3903 super
953 3840 1019 3882 uos.
1068 3815 1094 3854 ¹⁶
1136 3817 1295 3902 Dixitque
1310 3819 1349 3881 ad
1365 3817 1437 3883 illos
1541 3831 1544 3836 '

207 3920 314 3986 uidete
337 3925 369 3985 et
391 3930 501 3986 canate
524 3922 563 3986 ab
585 3920 671 3985 omni
693 3917 828 3984 auaritia
850 3919 925 4004 quia
947 3943 1009 3984 non
1032 3919 1066 3984 in
1098 3920 1185 3984 omni
1211 3920 1436 3986 abundantiam

206 4022 416 4107 cuiusquam
439 4023 525 4088 uitae
548 4023 616 4089 eius
638 4030 687 4088 est
709 4045 749 4086 ex
770 4021 822 4087 his
844 4046 925 4108 quae
947 4021 1098 4107 possidet.
1145 4020 1172 4060 ¹⁶
1216 4021 1310 4087 Dixit
1330 4028 1437 4088 autem

207 4124 450 4190 similitudinem
473 4124 513 4189 ad
534 4124 606 4190 illos
627 4124 735 4190 dicens
757 4124 896 4188 hominis
918 4124 1083 4189 cuiusdam
1105 4124 1216 4189 diuitis
1231 4125 1344 4190 uberes
1358 4124 1438 4190 fruc·

208 4237 261 4292 tus
282 4226 391 4292 attulit
403 4225 430 4266 Π
442 4236 473 4292 θῖ
496 4226 648 4312 cogitauit
677 4227 760 4291 intra
793 4249 827 4290 se
860 4226 967 4292 dicens
1000 4226 1078 4311 quid
1109 4225 1223 4291 faciam
1258 4228 1342 4311 quod
1375 4251 1437 4292 non

209 4330 312 4394 habeo
335 4352 397 4414 quo
419 4351 482 4394 non
506 4353 692 4414 congregem
716 4329 835 4394 fructos
858 4351 953 4393 meos.
1001 4325 1028 4364 ¹⁸
1071 4329 1116 4393 Et
1137 4328 1221 4394 dixit
1242 4329 1302 4394 hoc
1323 4327 1438 4394 faciam

207 4431 369 4496 destruam
392 4432 504 4497 horrea
527 4455 597 4497 mea
619 4441 651 4497 et
674 4430 793 4496 maiora
815 4429 929 4495 faciem
953 4436 984 4495 et
1006 4430 1082 4495 illuc
1109 4431 1302 4516 congregabo
1331 4431 1438 4495 omnia

208 4557 292 4618 quae
315 4543 390 4601 nata
411 4539 485 4599 sunt
507 4533 585 4598 mihi
601 4532 670 4599 ¹⁹ot
693 4533 794 4600 dicam
818 4532 942 4597 animae
965 4557 1063 4599 meae.
1087 4532 1194 4598 anima
1223 4534 1321 4598 habes
1339 4532 1440 4596 multa

210 4636 292 4701 bona
314 4638 441 4722 epulare
463 4636 497 4700 in
520 4658 618 4701 annos
642 4637 766 4700 multos.
812 4632 841 4671 ²⁰
884 4634 978 4700 Dixit
999 4644 1107 4700 autem
1129 4636 1176 4699 illi
1202 4636 1249 4699 ds.
1265 4636 1348 4700 sulte
1366 4635 1441 4699 hact

365 4755 415 4800 coo.
430 4754 491 4799 coro.
1270 4743 1285 4790 6
