3467 5192
671 271 825 323 iohannem
845 270 882 334 (c.
904 269 960 334 11).
1392 272 1435 335 47

206 447 410 506 monumento
425 439 451 477 ¹⁸
463 447 530 506 erat
541 448 645 507 autem
658 440 809 506 bethania
819 440 911 505 iuxta
930 439 1163 505 hierosolimam
1180 438 1308 524 ferend)
1324 441 1438 507 stodiis

205 542 397 627 quindecim.
411 540 437 578 ¹⁹
451 543 544 608 multi
567 549 673 607 autem
696 567 736 608 ex
761 542 864 608 iudeis
895 548 1049 607 uenerant
1077 542 1116 606 ad
1147 544 1302 607 martham
1332 549 1365 607 et
1395 544 1444 607 sd

204 645 335 710 mariam
359 652 395 709 ut
419 645 653 710 consolarentur
675 645 714 710 de
737 643 833 710 fratre
857 645 945 726 [euol.
961 643 1125 709 ²⁰martho
1146 667 1220 729 ergo
1246 653 1283 710 ut
1309 645 1434 711 audiuit

205 748 279 832 quia
301 747 352 811 ihs
375 747 465 812 uenit
487 747 623 813 occurrit
644 746 693 811 illi
716 747 815 812 marie
837 753 941 812 autem
969 745 1055 811 domi
1085 747 1223 811 sedebat.
1268 745 1294 782 2¹
1339 747 1437 812 Dixit

204 873 277 934 ergo
300 851 424 915 martha
446 851 485 915 ad
514 849 590 915 ihr‘n.
620 851 691 914 dr'r're
721 849 747 915 si
775 848 828 916 hic
862 848 976 914 fuisses
998 848 1096 913 frater
1132 871 1221 913 meus
1253 872 1317 913 non
1351 855 1437 914 esset

203 958 347 1017 mortuus
361 950 387 988 2²
398 953 452 1017 sed
475 975 560 1018 nunc
582 952 644 1017 seio
669 951 763 1038 [qnia]
806 975 1026 1036 quaecumque
1063 950 1194 1036 petieris
1223 975 1242 1014 a
1273 952 1312 1014 de
1346 952 1436 1018 dabit

202 1051 329 1118 tibi'ds.
375 1053 402 1092 ²3
445 1054 536 1120 Dicit
558 1055 589 1119 ei
610 1054 671 1118 ihs.
695 1061 838 1139 resurget
859 1053 956 1118 frater
972 1061 1061 1119 tuus.
1108 1052 1136 1090 ²⁴
1183 1053 1273 1118 Dicit
1294 1053 1324 1117 ei
1355 1077 1431 1118 mar-

201 1157 265 1221 tha.
290 1156 355 1221 scio
378 1157 455 1242 quia
475 1165 617 1241 resurget
638 1155 670 1220 in
695 1156 924 1221 resurrectione
946 1156 979 1219 in
1002 1155 1246 1221 nouissimadie.
1278 1154 1305 1194 ²⁶
1337 1155 1434 1221 Dixit

201 1258 232 1322 ei
254 1258 385 1344 ibskego
409 1283 477 1323 sum
501 1259 687 1323 resurrectio
711 1267 742 1322 et
765 1259 833 1323 uita
856 1257 911 1343 qui
935 1258 1036 1323 credit
1058 1257 1091 1321 in
1114 1282 1164 1323 me
1187 1258 1262 1323 licet
1280 1258 1435 1324 moriatur

201 1360 284 1426 uiuit
296 1360 323 1399 ²⁶
334 1374 366 1425 et
388 1360 490 1426 omnis
513 1361 569 1445 qui
591 1361 674 1426 uiuit
697 1368 729 1427 et
751 1361 850 1426 credit
873 1361 905 1425 in
932 1385 983 1425 me
1009 1384 1072 1425 non
1100 1360 1251 1426 morietur
1274 1360 1307 1424 in
1330 1367 1428 1424 aeter-

201 1487 287 1528 num.
312 1463 413 1528 credis
436 1464 505 1528 hoc.
551 1462 578 1502 ‘³⁷
622 1464 682 1529 Ait
704 1463 751 1527 illi
775 1465 899 1528 martha
920 1463 1032 1548 utique
1054 1463 1117 1527 dr're
1141 1486 1198 1546 ego
1221 1462 1339 1528 credidi
1355 1461 1430 1546 qnia

200 1578 235 1631 tu
258 1590 291 1630 es
313 1571 374 1651 xps
396 1565 480 1631 filius
504 1566 535 1629 di
558 1565 627 1630 uiui
650 1566 704 1651 qui
727 1565 760 1630 in
784 1567 868 1631 huno
892 1565 1013 1630 mundti
1036 1565 1163 1630 uenisti.
1177 1563 1249 1630 ²⁸et
1264 1567 1342 1630 hoec
1357 1588 1429 1629 cum

199 1667 332 1733 dixisset
354 1668 432 1733 abiit
454 1675 486 1733 et
509 1670 637 1733 uocauit
661 1668 791 1732 mariam
815 1691 953 1733 sororem
976 1691 1065 1732 suam
1089 1667 1217 1733 silentio
1229 1668 1345 1733 dicens.
1363 1689 1429 1730 ma·

199 1769 296 1854 gister
319 1770 407 1835 adest
430 1783 462 1834 et
484 1779 577 1836 uocat
598 1778 639 1836 te.
654 1769 681 1808 ²⁹
697 1780 729 1835 et
756 1771 808 1835 illa
840 1778 876 1835 ut
899 1770 1024 1834 audiuit
1056 1771 1156 1854 surgit
1194 1770 1255 1836 cito
1278 1776 1310 1834 et
1342 1768 1428 1834 ueni·

199 1873 273 1937 ebat
295 1873 334 1937 ad
356 1873 413 1936 illli
427 1871 606 1938 ³⁰nondum
629 1873 715 1937 enirn
738 1881 868 1938 uenerat
891 1872 944 1937 ihs
967 1874 999 1936 in
1024 1873 1189 1938 castellum
1212 1873 1267 1937 sed
1289 1885 1357 1938 erat
1378 1873 1431 1936 ad·

197 1976 261 2041 huc
284 1977 318 2040 in
340 1975 395 2039 illo
418 1977 486 2040 loco
510 1975 567 2042 ubi
589 1975 724 2041 occurrit
747 1975 776 2039 ei
805 1977 938 2040 martha.
962 1973 987 2011 ³¹
1009 1974 1115 2039 iudaei
1131 1981 1237 2040 autem
1260 1973 1315 2060 qui
1338 1981 1432 2039 erant

198 2101 269 2141 cum
293 2077 387 2142 eain
414 2078 505 2142 domo
533 2078 588 2162 qui
621 2101 691 2142 earn
724 2078 967 2142 consolabantur
999 2077 1154 2143 uidissent
1187 2077 1319 2142 mariam
1352 2075 1431 2161 quia

199 2179 261 2245 cito
284 2180 422 2246 surrexit
446 2186 478 2245 et
499 2180 579 2244 exiit
601 2179 701 2246 secuti
724 2187 798 2245 sunt
820 2203 889 2244 eam
913 2181 1053 2244 dicentes
1074 2179 1150 2264 quia
1178 2180 1274 2245 uadet
1298 2180 1337 2243 ad
1365 2203 1428 2244 mo·

197 2292 385 2348 numentum
408 2288 444 2347 u't
468 2283 567 2368 ploret
588 2281 642 2347 ibi.
657 2280 795 2346 ³²maria
817 2289 925 2348 autem
948 2289 984 2348 ut
1005 2281 1094 2347 uenit
1115 2281 1169 2347 ubi
1193 2287 1261 2346 erat
1279 2282 1330 2345 ihs
1344 2281 1429 2346 uidit

199 2409 272 2450 eum
296 2394 328 2449 et
351 2384 465 2450 cecidit
488 2385 527 2448 ad
549 2385 645 2470 pedes
668 2384 735 2450 eius
758 2394 791 2449 et
813 2385 890 2448 dicit
913 2384 951 2448 ei.
979 2385 1042 2448 dr're
1064 2385 1091 2448 si
1123 2393 1205 2448 esset
1232 2383 1284 2448 hie
1310 2388 1351 2447 nd
1383 2407 1426 2449 es-

197 2494 244 2553 set
266 2494 408 2552 mortuus
431 2486 528 2551 frater
551 2511 648 2552 meus.
694 2485 721 2524 ³³
764 2487 823 2551 Ihs
846 2510 920 2570 ergo
942 2492 978 2551 ut
1000 2485 1082 2551 uidit
1105 2509 1175 2550 eam
1196 2486 1371 2572 plorantem
1396 2493 1431 2551 et

196 2590 325 2654 iudaeos
346 2591 458 2654 flentes
481 2589 536 2672 qui
559 2597 691 2654 uenerat
715 2613 785 2652 curn
809 2612 847 2654 ea
869 2588 1036 2653 infremuit
1057 2589 1116 2674 spl'l
1140 2597 1173 2653 et
1194 2588 1333 2654 turbabit
1348 2587 1429 2673 seip-

195 2715 263 2757 sum
279 2689 349 2756 ³⁴et
372 2691 454 2756 dixit
475 2690 530 2755 ubi
552 2691 687 2778 posuisti
710 2715 792 2757 eum.
818 2692 928 2756 dicunt
955 2691 984 2756 ei
1013 2692 1075 2755 dne
1104 2692 1180 2755 ueni
1204 2699 1236 2756 et
1257 2690 1340 2755 uide.
1356 2687 1429 2755 ³⁵et

193 2793 377 2859 lacrimatus
400 2799 448 2858 est
470 2794 531 2858 ihs.
577 2793 604 2832 ³⁶
648 2793 810 2858 Dixerunt
832 2817 906 2878 ergo
929 2793 1043 2858 iudaei.
1069 2817 1139 2858 ecce
1160 2794 1315 2879 quomodo
1345 2816 1431 2857 ame·

194 2896 247 2960 bat
270 2894 530 2981 eum.³⁷quidam
555 2906 661 2960 autem
684 2895 835 2960 dixerunt
861 2920 901 2959 ex
936 2895 1008 2960 illis.
1042 2920 1104 2960 non
1129 2906 1253 2981 poterat
1285 2895 1339 2962 hic
1371 2898 1428 2980 qni

194 2997 319 3082 aperuit
340 2999 446 3062 oculos
470 2998 554 3064 caeci
576 2997 680 3064 facere
709 3007 745 3062 ut
778 2997 832 3062 hic
864 3021 927 3062 uon
962 3007 1144 3063 moreretur.
1192 2997 1219 3035 ⁸⁸
1261 2998 1319 3062 Ios
1353 3021 1430 3081 ergo

194 3101 340 3182 [rursum]
365 3099 503 3166 fremens
525 3101 558 3165 in
582 3100 751 3186 semetipso
778 3100 868 3164 uenit
890 3101 929 3164 ad
951 3105 1192 3165 monumentum
1223 3111 1290 3165 erut
1319 3107 1426 3165 autem

193 3201 322 3288 spelfioa
345 3212 377 3267 et
399 3203 478 3288 lapis
501 3204 716 3289 superpositus
738 3201 796 3268 illi.
810 3201 837 3240 ³⁹
849 3201 927 3267 dicit
948 3202 1000 3266 ihs
1023 3201 1125 3267 tollite
1149 3202 1295 3288 lapidem.
1334 3201 1424 3266 Dicit

193 3303 222 3369 ei
245 3306 377 3372 martha.
402 3305 464 3368 dire
491 3305 555 3369 iam
585 3304 663 3369 fetet
693 3305 905 3390 quadriduum
932 3305 1016 3370 enirn
1050 3306 1153 3369 habet.
1198 3303 1227 3341 ⁴⁰
1270 3304 1360 3369 Dicit
1393 3304 1424 3369 ei

191 3407 243 3470 ihs
265 3430 326 3471 nou
352 3406 419 3471 dixi
440 3405 499 3470 tibi
522 3407 598 3490 quia
619 3407 646 3472 si
669 3407 837 3472 credideris
860 3407 984 3472 uidebis
999 3406 1173 3472 claritatem
1187 3407 1228 3472 di.
1241 3406 1267 3443 ⁴¹
1281 3408 1424 3472 tulerunt

192 3532 264 3594 ergo
287 3509 433 3594 lapidem.
456 3508 508 3572 ihs
530 3517 637 3574 autem
659 3509 781 3575 leuauit
803 3511 909 3575 oeulos
931 3533 1003 3574 suos
1025 3533 1148 3575 sursum
1172 3516 1204 3576 at
1221 3509 1311 3574 dixit.
1331 3517 1424 3594 pater

191 3611 307 3696 gratias
330 3635 387 3696 ago
409 3611 468 3676 tibi
491 3613 640 3696 quoniam
664 3611 781 3676 audisti
805 3635 855 3676 me
867 3611 895 3649 ⁴²
908 3620 939 3677 et
961 3636 1019 3696 ego
1041 3613 1176 3678 sciebam
1199 3611 1275 3698 quia
1296 3633 1421 3697 semper

191 3737 242 3778 me
265 3713 354 3778 audis
377 3715 431 3778 sed
453 3720 581 3800 propter
602 3715 727 3778 turbam
750 3713 1005 3779 circumstantem
1037 3714 1104 3778 dixi
1134 3725 1169 3780 ut
1192 3714 1321 3779 credant
1343 3713 1419 3798 quia

190 3823 226 3880 tu
256 3840 307 3881 me
335 3815 458 3880 misisti.
503 3815 531 3852 ⁴³
574 3817 711 3881 Etcum
743 3816 821 3880 haec
854 3814 987 3881 dixisset
1016 3816 1164 3881 clamauit
1194 3839 1271 3882 uoce
1295 3840 1419 3902 magns.

188 3918 292 3983 lazare
314 3917 389 3983 ueni
412 3916 589 3984 foras.⁴⁴et
609 3918 665 3983 ille
690 3917 755 4003 [qui
778 3917 892 4001 fuerat]
918 3928 1060 3983 mortuus
1083 3919 1149 3983 exit
1178 3918 1294 4003 ligatus
1321 3917 1419 4004 pedes

190 4025 222 4086 et
244 4043 356 4086 manus
379 4019 498 4086 institis
520 4029 553 4085 et
574 4019 672 4086 facies
695 4020 782 4086 illius
808 4019 909 4085 orario
944 4020 1099 4104 conligata
1133 4028 1210 4086 erat.
1244 4021 1320 4085 dicit
1353 4020 1418 4085 illis

189 4123 249 4188 ihs.
274 4122 388 4188 soluite
412 4146 483 4188 eum
509 4131 540 4188 et
563 4122 658 4188 sinite
681 4146 752 4187 eum
779 4123 874 4187 abire.
921 4121 948 4160 ⁴⁵
997 4122 1092 4186 Multi
1126 4147 1199 4207 ergo
1232 4147 1272 4188 ex
1294 4123 1420 4188 iudaeis

189 4226 243 4311 qui
267 4232 422 4290 uenerant
443 4226 482 4290 ad
504 4225 636 4289 mariam
659 4224 713 4310 qui
743 4225 891 4290 uiderant
921 4247 1001 4308 quae
1028 4224 1104 4291 fecit
1130 4225 1182 4289 ihs
1216 4225 1419 4290 crediderunt

187 4327 221 4392 in
243 4350 326 4393 eum.
339 4326 368 4365 ⁴⁶
378 4326 507 4412 quidam
530 4335 636 4392 autem
659 4350 699 4391 ex
722 4326 799 4412 ipsis
822 4326 968 4392 abierunt
991 4327 1030 4392 ad
1058 4327 1238 4413 pharisaeos
1266 4334 1299 4393 et
1326 4327 1416 4391 dixe·

186 4437 261 4495 runt
283 4430 329 4494 eis
352 4429 436 4514 quod
459 4427 535 4494 fecit
556 4429 617 4495 ihs.

271 4531 392 4596 XXII.
437 4530 465 4570 ⁴⁷
509 4530 714 4616 (lollegerunt
736 4554 810 4616 ergo
831 4531 996 4616 pontifices
1019 4540 1052 4596 et
1073 4531 1230 4618 pharisaei
1245 4531 1415 4597 concilium

187 4639 219 4698 et
240 4633 388 4699 dicebant
410 4632 486 4717 quid
509 4632 641 4698 facimus
665 4633 740 4717 quia
761 4632 814 4698 hic
835 4634 930 4698 homo
953 4633 1029 4698 tolia
1052 4634 1142 4720 signa
1167 4633 1245 4700 feeit
1262 4633 1290 4671 ⁴⁸
1306 4635 1332 4699 si
1365 4656 1415 4699 re·
