3467 5192
670 278 823 330 iohannem
844 277 882 342 (c.
905 278 948 344 18)
1385 281 1429 343 bl

198 455 235 513 tu
258 446 336 512 dicis
358 447 433 532 quia
455 471 511 512 rex
534 470 602 512 sum
627 471 693 532 ego.
718 471 776 532 ego
802 449 923 513 adhoc
946 458 1038 513 natus
1062 471 1129 512 sum
1154 471 1211 533 ego
1242 457 1274 513 et
1301 449 1340 513 ad
1369 450 1429 514 hoo

199 548 274 614 neni
295 549 329 613 in
352 551 436 614 hunc
458 551 610 615 mundum
635 557 671 615 ut
698 550 914 616 testimonium
943 551 1152 636 perhibeam)
1175 550 1304 615 ueritati
1327 551 1430 615 omnis

198 650 254 736 qui
278 660 325 716 cst
347 675 387 716 ex
410 651 544 717 ueritate
567 652 656 718 audit
679 674 788 718 uocem
812 663 890 718 mea.
907 651 934 689 ³⁸
945 652 1022 718 dicit
1054 651 1084 716 ei
1117 652 1243 738 pilatus,
1279 653 1427 736 quidest

198 753 325 818 ueritas.
350 763 382 818 et
405 776 476 818 cum
500 756 558 820 hoc
580 754 711 821 dixisset
738 756 853 819 iterum
885 756 966 820 exiit
993 757 1031 820 ad
1062 755 1190 819 iudaeos
1219 762 1250 820 et
1273 754 1351 821 dicit
1371 754 1428 820 eis.

198 878 255 940 ego
278 857 396 920 nullam
420 856 550 922 inuenio
573 856 606 922 in
631 880 667 922 eo
698 880 834 923 causam.
850 856 938 922 ³⁹est
970 866 1076 922 autem
1109 858 1304 922 consuetudo
1336 857 1432 923 uobis

199 963 235 1024 ut
256 982 353 1023 unum
378 959 534 1024 dimittam
559 960 671 1038 [uobis]
694 959 726 1023 in
750 961 866 1046 pascha
889 959 988 1024 uultis
1011 982 1084 1044 ergo
1107 960 1264 1024 dimittam
1280 959 1369 1025 uobis
1383 984 1429 1024 re·

76 1113 80 1120 .
197 1083 268 1145 gem
299 1061 491 1126 iudaeorum.
538 1059 577 1114 -⁴⁰
637 1062 911 1127 Exclamauerunt
943 1085 1017 1147 ergo
1051 1085 1175 1127 rursum
1210 1085 1329 1128 omnes.
1364 1086 1427 1126 non

198 1163 283 1229 hunc
305 1164 360 1228 sed
385 1163 472 1229 rabbi
495 1165 676 1229 barabbam.
700 1174 767 1230 erat
796 1175 902 1230 autem
930 1166 1082 1230 barabbas
1113 1166 1203 1231 latre.
1239 1171 1279 1241 (a.
1316 1165 1369 1240 19)
1415 1163 1427 1200 ¹

199 1266 291 1330 Tunc
312 1288 386 1349 ergo
408 1265 617 1352 adprehendit
638 1266 758 1352 pilatus
781 1266 847 1331 ihm
873 1275 906 1333 et
927 1266 1108 1351 flagellauit.
1123 1266 1179 1332 ²et
1200 1267 1318 1332 milites
1340 1289 1428 1331 orna·

198 1374 264 1432 tam
287 1390 432 1432 coronam
458 1392 498 1432 ex
520 1367 619 1454 spinis
642 1369 851 1455 inposuerunt
875 1369 972 1455 capiti
1002 1369 1070 1434 eius
1099 1376 1131 1434 et
1163 1375 1282 1434 uestem
1313 1391 1431 1455 purpu-

197 1493 284 1534 ream
297 1469 479 1534 induerunt
500 1494 581 1534 eum.
597 1470 653 1536 ³et
676 1472 847 1536 ueniebant
872 1472 911 1536 ad
934 1470 1023 1536 illum
1045 1478 1077 1536 et
1092 1471 1246 1536 dicebant.
1270 1472 1352 1536 habe
1370 1495 1429 1536 rex

197 1572 362 1637 iudeorum
386 1578 418 1638 et
440 1573 557 1637 dabant
578 1573 607 1638 ei
630 1573 901 1658 palmas.⁴exiuit
928 1597 1001 1659 ergo
1029 1574 1148 1660 pilatus
1177 1574 1260 1638 foras
1289 1581 1320 1638 et
1348 1571 1427 1638 dicit

198 1675 253 1739 eis.
278 1697 350 1739 ecce
373 1675 493 1740 adduco
517 1676 605 1739 illum
631 1675 721 1741 uobis
744 1677 826 1741 foras
849 1684 885 1740 ut
907 1677 1100 1761 cognoscatis
1114 1676 1190 1762 quia
1203 1677 1238 1741 in
1254 1697 1427 1742 eocausam

200 1800 263 1841 non
286 1776 546 1842 inuenio.⁶exiit
568 1801 640 1862 crgo
663 1778 888 1844 foras-habens
911 1779 1051 1865 spineam
1081 1800 1225 1844 coronam
1255 1786 1288 1842 at
1313 1801 1429 1863 purpu-

197 1878 254 1942 refi
278 1879 502 1944 uestimentum
530 1881 572 1962 [et
594 1880 671 1947 dicit
694 1881 738 1946 eis
762 1905 833 1946 ecce
854 1880 969 1966 bomol.
984 1881 1079 1946 ⁶cum
1096 1905 1169 1966 ergo
1184 1881 1340 1946 uidissent
1354 1903 1426 1944 euru

173 1979 355 2067 ‘principes
378 1983 573 2049 sacerdotum
599 1991 631 2048 et
654 1984 790 2049 ministri
813 1985 991 2049 clamabant
1013 1984 1159 2069 crucifige
1182 2007 1255 2049 eum
1280 1983 1431 2068 crucifige

198 2108 280 2149 eum.
318 2084 405 2151 Dicit
427 2085 472 2150 eis
495 2085 621 2170 pilatus.
646 2085 781 2171 adcipite
798 2109 871 2151 eum
887 2109 943 2150 uos
959 2092 991 2152 et
1006 2087 1178 2169 crucifigite
1195 2085 1351 2171 egoenim
1365 2108 1428 2149 non

199 2186 329 2252 inuenio
353 2187 385 2251 in
403 2211 440 2252 eo
456 2211 591 2253 causam.
616 2187 626 2225 ⁷
648 2189 894 2274 Responderunt
909 2189 938 2254 ei
953 2189 1068 2253 iudaei.
1087 2212 1144 2253 nos
1160 2191 1260 2272 legem
1276 2189 1430 2252 habemus

197 2297 230 2353 et
251 2290 392 2355 secunda
416 2295 515 2374 legem
534 2290 626 2354 debet
643 2291 722 2354 mori
741 2292 816 2375 quia
831 2292 932 2355 filium
952 2293 983 2354 di
1006 2315 1038 2356 sc
1060 2290 1145 2356 fecit.
1191 2288 1205 2327 ⁸
1248 2289 1330 2354 Oum
1353 2312 1431 2374 ergo·

197 2391 337 2458 audisset
358 2393 477 2477 pilatus
500 2393 584 2457 huuc
607 2416 782 2458 sermonem
807 2395 907 2478 magis
931 2394 1045 2459 timuit.
1093 2391 1105 2430 ⁹
1149 2393 1193 2457 Et
1208 2391 1425 2457 introiuitite·

197 2517 265 2558 rum
289 2494 322 2559 in
345 2494 526 2580 praetorium
551 2503 583 2560 et
606 2495 683 2561 dicit
706 2496 744 2559 ad
768 2496 844 2561 ihr'rl.
869 2497 952 2561 unde
975 2519 1009 2560 es
1032 2505 1077 2560 tu.
1101 2497 1139 2559 ad
1159 2495 1208 2559 ihs
1223 2518 1286 2559 non
1302 2513 1427 2580 respon·

198 2596 254 2662 dit.
269 2595 296 2633 ¹⁰
307 2595 385 2660 dicit
407 2620 480 2680 ergo
505 2597 535 2660 ei
558 2596 686 2683 pilatus.
711 2598 790 2662 mihi
813 2623 876 2662 non
900 2599 1038 2683 loqueris
1067 2598 1169 2663 nescis
1191 2597 1266 2682 quia
1290 2605 1426 2683 potesta·

197 2707 261 2763 tem
285 2700 385 2763 habeo
408 2699 616 2782 crucifigendi
639 2708 670 2766 te
693 2710 725 2765 et
747 2708 934 2786 potestatem
961 2703 1060 2766 habeo
1083 2699 1262 2766 dimittendi
1288 2708 1328 2764 te.
1344 2698 1369 2735 ¹¹
1380 2723 1430 2764 re·

198 2799 325 2887 spondit
360 2801 411 2864 ihs
443 2811 476 2866 et
511 2801 594 2867 dixit
627 2826 689 2867 non
724 2804 854 2868 haberes
887 2810 1075 2890 potestatem
1111 2804 1207 2867 ullam
1260 2803 1426 2867 aduersum

197 2927 248 2968 me
271 2903 333 2968 nisi
357 2904 429 2968 data
452 2902 510 2969 tibi
534 2912 618 2970 esset
640 2905 812 2971 desursum.
841 2914 1007 2993 propterea
1035 2906 1088 2990 qui
1123 2905 1253 2971 tradidit
1285 2929 1335 2968 me
1370 2904 1429 2970 tibi

198 3005 300 3071 maius
325 3012 489 3090 peccatum
522 3007 625 3072 babet.
679 3006 705 3044 ²²
754 3008 883 3072 Exinde
915 3008 1033 3094 pilatus
1066 3009 1236 3099 quaerebat
1268 3008 1428 3072 dimittere

197 3131 279 3173 eum.
327 3108 435 3173 ludaei
465 3114 575 3174 autem
604 3111 781 3176 clamabant
812 3111 952 3176 dicentes
978 3109 1004 3175 si
1033 3110 1118 3175 hunc
1151 3110 1284 3175 dimittis
1307 3133 1369 3174 non
1392 3132 1431 3174 es

197 3211 316 3276 amicus
339 3210 471 3276 caesaris
494 3211 597 3297 omnis
620 3213 675 3296 qui
702 3236 807 3297 regem
837 3211 915 3278 facit
941 3235 974 3278 se
1003 3211 1190 3278 contradicit
1224 3213 1342 3277 caesari.
1401 3210 1429 3247 ¹⁸

196 3314 281 3398 Ergo
304 3335 376 3378 cum
400 3313 539 3379 audisset
561 3313 678 3399 pilatus
700 3316 757 3380 hos
780 3338 940 3380 sermones
961 3315 1111 3402 produxit
1132 3315 1215 3382 foras
1237 3315 1302 3380 ihm
1325 3321 1357 3379 et
1379 3337 1425 3379 se-

196 3415 242 3480 dit
264 3438 320 3501 pro
342 3414 493 3481 tribunali
516 3415 548 3480 in
572 3416 640 3483 loco
672 3418 727 3500 qui
761 3417 878 3482 dicitur
910 3417 1129 3503 lythrostrotos
1162 3417 1284 3483 ebraice
1318 3425 1426 3482 autem

195 3520 340 3604 genetha.
387 3516 415 3553 ¹4
456 3519 535 3584 Erat
558 3526 664 3584 antem
686 3520 875 3606 praepcratio
897 3522 1032 3606 paschae
1054 3521 1132 3584 hora
1155 3521 1244 3605 quasi
1276 3525 1366 3585 sexta
1394 3525 1428 3584 et

196 3618 240 3686 ait
262 3621 383 3686 iudaeis
406 3643 479 3686 ecce
501 3645 559 3685 rex
581 3630 696 3686 uester.
744 3621 770 3660 ¹⁶
815 3623 869 3687 Ad
892 3622 938 3686 illi
963 3623 1228 3687 exclamauerunt.
1259 3621 1334 3687 tolle
1350 3623 1428 3688 tolle

196 3723 343 3808 crucifige
366 3747 447 3789 eum.
493 3723 552 3789 Ait
575 3723 639 3789 illis
661 3724 786 3810 pilatus.
812 3748 918 3810 regem
944 3731 1086 3788 uestrum
1107 3724 1295 3808 crucifigam.
1350 3726 1428 3790 Res-

195 3826 374 3912 ponderunt
395 3826 554 3912 principes
577 3826 771 3891 sacerdotum
796 3850 858 3890 non
882 3827 1034 3891 habemus
1057 3849 1161 3909 regem
1182 3827 1242 3890 nisi
1258 3850 1426 3892 caesarem.

280 3928 476 3994 XXXIIII.
521 3927 548 3967 ¹⁶
591 3929 684 3993 'Punc
708 3953 780 4015 ergo
803 3929 933 3993 tradidit
956 3930 1002 3992 eis
1025 3927 1114 3991 illum
1131 3937 1167 3992 ut
1182 3931 1425 4013 crchfigeretur.

197 4029 417 4117 Susceperunt
450 4054 522 4115 ergo
545 4030 612 4095 ihm
641 4035 684 4109 [et
714 4032 914 4109 eduxeruntl.
929 4030 954 4069 ¹⁷
967 4040 999 4095 et
1029 4030 1173 4095 baiulans
1205 4031 1265 4095 sibi
1299 4053 1425 4098 crucem

197 4133 264 4198 eius
287 4144 320 4198 et
341 4133 432 4198 uenit
454 4133 487 4197 in
510 4135 613 4198 locum
637 4133 693 4217 qui
716 4132 832 4198 dicitur
859 4132 1016 4197 caluariae
1046 4133 1129 4216 quod
1163 4133 1338 4217 adpellatur
1371 4136 1425 4197 he·

196 4235 319 4302 braicae
342 4236 489 4320 golgotha
505 4234 531 4272 ¹⁸
544 4235 597 4300 ubi
620 4236 845 4301 crucifixerunt
868 4259 941 4299 eum
964 4243 996 4299 et
1018 4259 1088 4299 cum
1113 4257 1150 4298 eo
1165 4235 1243 4299 alios
1258 4236 1336 4299 duos
1351 4236 1428 4301 hinc

196 4345 290 4423 atque
313 4337 402 4402 illinc
425 4338 563 4403 medium
588 4345 694 4403 autem
718 4339 795 4402 ihm.
843 4336 869 4374 ¹⁹
924 4337 1059 4422 Scripsit
1091 4347 1196 4400 autem
1231 4348 1263 4401 et
1296 4338 1424 4403 titulum

195 4439 314 4525 pilatus
337 4448 369 4504 et
390 4441 497 4525 posuit
519 4463 614 4526 supra
637 4464 769 4506 crucem.
799 4451 867 4505 erat
897 4450 1005 4505 autem
1033 4439 1184 4524 scriptum
1205 4439 1257 4503 ihs
1273 4464 1426 4506 nazareus

195 4563 251 4606 rex
282 4541 475 4608 iudaeorum.
497 4540 525 4578 ²⁰
539 4543 624 4607 bunc
657 4542 785 4607 titulum
820 4543 912 4608 multi
947 4543 1094 4626 legerunt
1130 4545 1314 4608 iudaeorum
1349 4542 1426 4628 quia

193 4666 290 4730 prope
312 4642 443 4709 ciuitate
466 4653 533 4710 erat
554 4646 641 4710 locus
664 4644 718 4710 ubi
745 4643 912 4710 crucifixus
941 4653 988 4710 est
1020 4646 1072 4710 ihs
1105 4655 1137 4710 et
1170 4655 1238 4712 erat
1270 4645 1426 4730 scriptum
