3467 5192
301 227 347 292 42
737 227 775 292 (c.
795 227 824 292 8)
843 227 1024 292 euangelium
1042 243 1098 279 sec.

305 421 356 462 me
378 397 446 482 ipso
469 402 501 461 et
523 396 742 462 testimonium
765 420 872 460 meum
894 397 1040 482 perhibet
1061 398 1100 461 de
1122 417 1172 460 me
1193 395 1248 480 qui
1265 395 1351 461 misit
1367 419 1418 460 me
1432 404 1530 481 pater.

306 497 334 536 ¹⁹
365 499 523 564 Dicebant
545 523 618 582 ergo
640 499 669 563 ei
692 498 748 564 ubi
770 509 818 564 est
841 508 930 584 pater
953 522 1042 564 mous
1060 499 1164 581 [tunel.
1188 497 1350 584 respondit
1362 497 1413 561 ihs
1429 522 1532 583 neque

305 625 356 666 me
379 601 477 666 nostis
499 625 603 686 neque
625 607 746 687 patrem
770 625 875 666 meum
900 600 987 666 scitis
1010 602 1036 666 si
1060 601 1145 666 enim
1172 624 1224 664 me
1255 600 1389 665 nossetis
1418 606 1450 665 et
1477 624 1530 686 pa·

304 709 384 768 trem
408 727 514 767 mcum
537 703 667 789 sciretis.
682 701 709 740 22
720 704 798 769 haec
820 704 917 768 uerba
938 704 1061 768 locutus
1077 703 1170 767 estin
1181 701 1405 788 gazophylacio
1417 703 1530 768 docens

304 805 338 870 in
360 807 478 891 templo
494 811 526 870 ct
547 829 640 870 nemo
660 805 894 890 adpre(h)endit
905 829 977 870 eum
990 805 1066 890 quia
1076 805 1210 870 necdum
1222 810 1354 870 uenerat
1365 806 1441 870 hora
1453 804 1529 868 eius,

389 907 506 972 XVII.
553 906 578 943 22
624 907 718 972 Dixit
741 931 814 993 ergo
837 907 953 974 iterum
976 908 1037 973 ihs.
1062 931 1119 991 ego
1141 908 1223 972 uado
1253 915 1286 972 et
1309 908 1447 992 queretis
1482 930 1531 972 me

302 1018 336 1074 et
358 1009 391 1072 in
413 1015 541 1095 peccato
564 1016 669 1076 uestro
692 1009 881 1075 moriemini.
906 1033 967 1094 quo
990 1033 1048 1093 ego
1071 1011 1152 1075 uado
1174 1033 1231 1075 uos
1253 1033 1316 1074 non
1331 1009 1463 1095 potestis
1479 1033 1531 1074 uc-

304 1112 382 1175 nire.
430 1108 456 1147 22
499 1112 658 1177 Dicebant
681 1136 754 1196 ergo
776 1111 892 1178 iudaei.
916 1112 1072 1197 numquid
1093 1112 1263 1178 interficiet
1284 1134 1318 1177 se
1340 1111 1444 1197 ipsum
1457 1111 1532 1196 quia

301 1213 380 1278 dicit
403 1237 465 1298 quc
488 1238 543 1298 ego
566 1214 646 1279 uado
670 1237 725 1279 uos
749 1238 810 1278 non
835 1213 967 1300 potestis
989 1214 1101 1278 uenire
1114 1213 1140 1250 22
1157 1221 1189 1280 ct
1217 1214 1341 1279 dicebat
1372 1214 1438 1296 [eis]
1474 1238 1531 1279 uos

301 1319 343 1380 de
365 1316 478 1380 deorsfi
502 1317 577 1381 estis
600 1339 656 1400 ego
680 1316 718 1380 dc
740 1317 953 1402 superioribus
982 1317 1030 1381 sfi.
1061 1340 1117 1380 uos
1145 1317 1183 1382 de
1216 1318 1276 1381 hoo
1308 1317 1425 1380 mundo
1458 1315 1532 1382 estis

300 1442 360 1502 ego
382 1442 444 1483 non
468 1441 537 1483 sum
561 1419 599 1483 de
622 1420 681 1484 hoc
703 1419 828 1484 munde.
845 1418 873 1456 22
884 1419 952 1483 dixi
974 1419 1057 1484 enim
1071 1419 1161 1484 uobis
1173 1418 1248 1504 quic
1257 1418 1405 1483 memoris
1418 1423 1454 1497 (1)
1467 1443 1530 1483 non

299 1521 378 1586 estis
400 1520 434 1584 in
457 1520 594 1606 peccatis
616 1521 730 1586 uestris
755 1520 791 1603 [si
814 1544 888 1605 crgo
911 1543 974 1585 non
997 1521 1193 1586 credideritis
1215 1520 1290 1605 quia
1311 1544 1451 1606 egosum
1466 1545 1530 1586 mo-

299 1623 429 1688 riemini
451 1624 483 1687 in
507 1631 635 1708 peccato
657 1625 783 1706 uestrol.
798 1622 982 1689 2⁵dicebant
1003 1647 1076 1708 ergo
1099 1623 1130 1688 ei
1154 1624 1208 1705 [tu]
1224 1624 1295 1708 quis
1318 1647 1360 1690 es.
1382 1623 1464 1688 dixit
1486 1625 1531 1690 ei‘s

304 1727 355 1789 ihs
378 1724 545 1812 pricipium
569 1727 652 1810 quod
677 1734 708 1790 et
729 1726 841 1809 loquor
863 1727 963 1790 uobis.
978 1724 1117 1805 &multa
1138 1727 1238 1790 habeo
1261 1727 1300 1790 dc
1325 1727 1415 1791 uobis
1444 1727 1532 1812 loqui

301 1835 336 1891 et
358 1827 498 1892 iudicare
512 1828 574 1920 sed
598 1827 652 1912 qui
676 1852 725 1892 me
748 1827 836 1893 misit
858 1851 957 1892 uorax
980 1835 1027 1893 est
1050 1841 1081 1892 ct
1106 1852 1162 1912 ego
1189 1851 1261 1912 quae
1290 1828 1399 1893 audiui
1426 1830 1464 1892 ab
1495 1853 1531 1894 eo

304 1930 382 1994 hacc
404 1930 515 2013 loquor
537 1929 570 1994 in
593 1931 698 2010 huod)
721 1931 848 1996 mundo.
896 1929 922 1968 ²⁷
966 1932 1010 1995 Et
1022 1954 1085 1995 non
1098 1940 1312 2012 cognouerunt
1324 1931 1398 2016 quia
1410 1942 1531 2017 patrem

302 2031 372 2096 eius
395 2031 518 2096 dicebat
541 2032 601 2095 dm.
620 2030 647 2068 22
661 2032 743 2097 dixit
765 2055 838 2116 ergo
861 2033 907 2098 eis
931 2034 991 2096 ihc.
1015 2056 1086 2098 cum
1109 2033 1329 2098 exaltaueritis
1356 2033 1456 2098 filium
1474 2035 1529 2098 ho-

303 2133 400 2197 minis
423 2144 497 2198 tunc
520 2135 714 2219 cognoscetis
736 2135 811 2220 quia
834 2159 891 2220 ego
914 2136 952 2200 sd
975 2142 1007 2200 et
1029 2159 1047 2198 a
1070 2159 1120 2198 me
1147 2135 1214 2220 ipso
1248 2136 1329 2200 nihil
1362 2135 1443 2201 facio
1477 2137 1530 2201 scd

302 2235 386 2301 sicut
409 2237 516 2301 docuit
538 2259 589 2301 me
612 2247 700 2323 pater
721 2238 801 2302 haec
823 2235 1019 2321 loquor²⁹et
1045 2237 1099 2322 qui
1128 2261 1178 2302 me
1208 2237 1297 2303 misit
1327 2261 1451 2303 mecum
1484 2246 1531 2303 est

304 2345 336 2402 et
359 2362 421 2402 non
444 2338 571 2424 reliquit
594 2364 643 2404 mc
668 2340 768 2404 solum
792 2339 867 2424 quia
891 2363 948 2418 ego
971 2363 1051 2424 quae
1073 2340 1190 2425 placita
1210 2348 1286 2405 sunt
1308 2340 1338 2404 ei
1358 2340 1439 2405 facio
1455 2364 1532 2405 sem·

303 2463 366 2525 per.
413 2439 440 2477 20
482 2443 574 2506 Haec
596 2443 651 2506 illo
674 2443 824 2526 loquente
847 2441 941 2506 multi
962 2441 1162 2507 crediderunt
1184 2442 1217 2506 in
1241 2466 1323 2508 eum.
1369 2441 1395 2478 ³¹
1441 2444 1532 2508 Dice·

302 2545 356 2607 bat
379 2565 452 2626 ergo
475 2545 526 2607 ihs
549 2545 588 2608 ad
611 2568 663 2609 eos
686 2546 740 2629 qui
764 2545 963 2610 crediderunt
985 2544 1014 2610 ei
1033 2569 1072 2608 ex
1088 2544 1219 2610 iudaeis.
1243 2543 1270 2610 si
1283 2567 1339 2609 uos
1354 2545 1531 2611 manseritis

304 2645 338 2708 in
361 2647 456 2710 uerbo
480 2669 549 2710 meo
572 2670 647 2710 uere
670 2647 819 2731 discipuli
842 2649 904 2712 mei
928 2646 1086 2712 estis³²et
1107 2648 1300 2730 cognoscetis
1317 2648 1482 2713 ueritatem
1499 2659 1530 2712 et

305 2747 421 2811 ueritas
451 2747 598 2812 liberabit
631 2772 697 2812 uos.
751 2748 777 2785 32
829 2749 1074 2835 Responderunt
1105 2750 1144 2814 ad
1178 2749 1218 2814 efi
1252 2747 1347 2812 iudaei
1380 2749 1529 2814 dicentes.

302 2873 412 2914 semen
435 2851 592 2914 habrahae
615 2874 723 2916 sumus
756 2860 788 2915 et
815 2851 937 2916 nemini
970 2874 1121 2936 umquam
1155 2850 1348 2916 seruiuimus
1375 2852 1530 2935 quomodo

305 2959 341 3016 tu
363 2951 440 3017 dicis
462 2952 553 3017 liberi
577 2953 660 3018 estis
707 2952 735 2990 ³⁴⁵
778 2953 956 3039 Respondit
978 2953 1023 3018 eis
1046 2953 1105 3016 ihs.
1131 2974 1225 3018 amen
1249 2953 1423 3017 amendico
1441 2952 1531 3018 uobis

269 3061 274 3068 “
302 3055 379 3140 quia
401 3055 503 3119 omnis
526 3055 581 3139 qni
603 3055 679 3122 facit
701 3063 865 3141 peccatum
895 3079 1006 3121 seruus
1035 3062 1081 3120 est
1109 3054 1229 3141 peccati
1248 3053 1397 3120 ³⁵seruus
1424 3060 1531 3120 autem

304 3181 368 3222 non
391 3166 497 3222 manet
520 3157 551 3221 in
575 3159 667 3223 domo
690 3158 722 3221 in
746 3166 899 3222 aeternum
919 3158 1003 3222 filius
1020 3166 1126 3222 manet
1141 3156 1174 3220 in
1191 3163 1345 3222 aetemum
1358 3156 1426 3223 ³⁶si
1447 3159 1530 3223 filius

302 3282 360 3322 uos
383 3259 566 3324 liberauerit
587 3284 662 3324 uere
685 3261 775 3324 liberi
802 3258 938 3324 eritis³⁷
953 3260 1018 3324 scio
1046 3260 1122 3344 quia
1148 3270 1234 3323 seme
1266 3261 1425 3325 habrahae
1456 3260 1531 3326 estis

302 3361 358 3424 sed
381 3359 499 3444 qaeritis
523 3384 573 3424 me
596 3361 770 3426 intcrficere
793 3362 868 3445 quia
899 3385 1001 3427 sermo
1033 3385 1122 3426 meus
1153 3386 1216 3426 non
1249 3362 1333 3448 capit
1364 3361 1398 3426 in
1431 3363 1530 3428 uobis.

306 3460 402 3546 ³⁸ego
426 3463 509 3547 quod
531 3463 599 3526 uidi
622 3472 698 3548 aput
720 3474 842 3548 patrem
866 3487 973 3528 meum
996 3465 1107 3548 loquor
1137 3473 1170 3529 et
1199 3487 1256 3529 uos
1290 3466 1372 3549 quod
1407 3465 1531 3531 uidistis

303 3572 381 3650 aput
416 3571 536 3650 patrem
574 3575 714 3630 uestrum
752 3564 865 3630 facitis.
896 3618 898 3621 .
934 3565 961 3602 ³⁹
1025 3568 1070 3630 Et
1105 3567 1333 3652 responderunt
1374 3568 1413 3630 ad
1458 3591 1532 3632 eum

305 3678 336 3733 ct
379 3667 536 3732 dixerunt.
582 3677 671 3753 pater
714 3673 819 3735 noster
861 3671 1010 3733 abraham
1059 3677 1116 3734 est.
1173 3669 1263 3734 Dicit
1310 3669 1355 3734 eis
1398 3670 1458 3733 ihs.
1504 3671 1531 3735 si

303 3769 362 3833 filii
400 3770 517 3834 abraha
554 3774 629 3836 estis
673 3794 768 3856 opera
808 3771 926 3835 abraha
960 3771 1063 3836 facite.
1089 3770 1119 3808 ⁴⁰
1139 3794 1224 3835 nunc
1267 3775 1341 3836 auce
1389 3772 1532 3856 quaeritis

302 3896 355 3934 rue
387 3872 562 3937 interficere
578 3872 756 3937 *bominem
796 3873 851 3958 qui
886 3873 1054 3938 ueritatem
1082 3875 1204 3938 locutus
1235 3879 1283 3939 est
1313 3872 1403 3938 uobis
1436 3899 1531 3959 quam

301 3973 415 4038 audiui
449 3999 467 4038 a
497 3975 547 4037 dc.
578 3975 637 4038 hoc
670 3976 817 4039 abraham
851 3998 915 4039 non
941 3974 1026 4040 fecit.
1040 3975 1066 4012 ⁴¹
1080 3999 1136 4040 uos
1169 3974 1274 4040 facitis
1311 3999 1406 4060 opera
1434 3977 1532 4062 patris

303 4075 412 4140 uestri.
458 4075 619 4140 Dixerunt
642 4077 681 4141 ei.
704 4101 767 4140 non
784 4102 823 4142 ex
853 4078 1075 4162 prostitutione
1105 4100 1167 4141 non
1196 4100 1305 4142 sumus
1336 4078 1404 4142 nati
1433 4102 1531 4143 unum

302 4187 425 4262 patrem
448 4179 599 4242 habemus
624 4179 685 4243 dm.
731 4178 758 4216 22
804 4178 897 4242 Dixit
920 4203 992 4264 ergo
1016 4181 1061 4244 eis
1093 4178 1154 4242 ihc.
1183 4179 1210 4244 si
1240 4179 1277 4243 ds
1300 4185 1393 4266 pater
1426 4187 1531 4245 uester

305 4288 387 4345 esset
409 4280 581 4364 diligeretis
605 4305 654 4344 me
678 4304 735 4364 ego
759 4281 844 4345 enim
867 4305 908 4345 ex
931 4282 970 4344 do
994 4280 1129 4367 processi
1153 4290 1185 4345 et
1207 4283 1292 4346 ueni.
1324 4283 1491 4347 nonenim
1513 4306 1532 4347 a

305 4406 354 4445 me
377 4383 445 4467 ipsc
468 4382 542 4446 ueni
566 4382 619 4445 sed
643 4383 697 4446 ille
720 4408 770 4448 ms
792 4383 888 4447 misit.
902 4382 929 4420 ⁴⁸
943 4405 1039 4466 quare
1064 4388 1135 4447 med
1156 4384 1314 4468 loquelam
1338 4407 1401 4448 non
1422 4407 1533 4469 cogno·

303 4484 396 4550 scetis
418 4485 493 4570 quia
515 4508 577 4549 non
600 4485 730 4569 potestis
754 4484 862 4548 andire
885 4507 1062 4550 sermonem
1086 4509 1199 4550 meum.
1239 4485 1267 4522 4⁴
1303 4486 1370 4550 Uos
1386 4511 1426 4550 ex
1442 4493 1531 4572 patre

248 4647 253 4654 .
305 4586 428 4651 diabolo
451 4586 526 4653 estis
549 4594 581 4652 et
603 4585 758 4652 desideria
780 4587 879 4672 patris
903 4587 1002 4652 uestri
1027 4587 1126 4654 uultis
1154 4587 1266 4653 facere.
1298 4587 1353 4652 ille
1375 4588 1533 4654 homicida
