3467 5192
709 299 842 351 lucanum
860 298 898 364 (c.
925 296 961 362 4).
1407 303 1449 365 67

220 467 307 532 omni
329 435 567 554 temptationem
583 469 616 554 (1)
639 469 780 534 diabolus
803 467 933 532 recessit
955 466 1069 531 abillo
1092 490 1192 551 usque
1214 469 1254 532 ad
1276 475 1410 554 tempus.
1424 469 1451 506 ¹⁴

221 575 253 634 et
274 593 434 655 regressus
457 577 505 636 est
526 572 578 635 ihs
601 571 634 636 in
657 571 776 636 uirtute
799 575 852 656 sps
875 569 910 634 in
931 569 1097 654 galilaeam
1125 576 1157 635 et
1186 569 1271 635 fama
1299 570 1379 635 exiit
1411 573 1451 636 de

220 670 275 736 illo
298 696 354 757 per
375 674 557 738 uniuersam
581 673 751 758 regionem.
767 670 837 737 ¹⁵et
858 671 925 758 ipse
949 672 1079 736 docebat
1099 672 1133 736 in
1156 674 1323 757 synagogis
1341 697 1449 739 eorum

221 780 253 839 et
274 774 534 859 magnificabatur
556 777 594 840 ab
619 775 809 841 hominibus,

306 877 384 944 VII.
433 877 459 915 ¹⁶
502 879 545 942 Et
567 878 657 942 uenit
679 878 829 944 nazareth
851 875 906 941 ubi
929 883 996 942 erat
1017 876 1158 941 nutritus
1180 882 1213 941 et
1237 876 1370 943 intrauit
1398 902 1444 944 sa·

219 978 358 1042 cundum
382 979 642 1044 consuetudinem
664 1003 752 1045 suam
776 979 826 1044 die
849 978 970 1043 sabbati
992 979 1026 1042 in
1054 984 1215 1063 synagoga
1245 985 1277 1044 et
1309 980 1450 1046 surrexit

220 1080 333 1164 legere.
348 1079 419 1146 Πθῖ
441 1081 575 1147 traditus
609 1088 656 1146 est
689 1081 738 1145 illi
770 1081 851 1146 liber
884 1079 989 1145 eseiae
1018 1081 1218 1167 prophaetae.
1270 1083 1315 1147 Et
1342 1089 1379 1147 ut
1405 1107 1449 1148 re

220 1181 324 1246 uoluit
345 1182 429 1250 libru
450 1183 576 1248 inuenit
597 1185 700 1249 locum
723 1183 777 1247 ubi
799 1183 951 1269 scriptum
982 1188 1056 1248 erat.
1071 1181 1163 1268 ¹8sps
1191 1183 1246 1248 dni
1268 1207 1363 1270 super
1395 1209 1448 1250 me

220 1285 451 1370 propterquod
473 1285 566 1350 unxit
588 1309 638 1350 me
661 1285 880 1370 euangelizare
902 1285 1094 1371 pauperibus
1116 1285 1203 1365 misit
1224 1309 1275 1350 me
1288 1284 1315 1322 ¹⁹
1326 1286 1448 1372 praedi·

219 1408 291 1450 care
315 1386 449 1472 captiuis
471 1387 687 1452 remissionem
712 1392 743 1453 et
766 1387 865 1453 caesis
895 1388 1000 1451 uisum
1033 1386 1192 1452 dimittere
1225 1395 1448 1472 conquassatos

219 1486 254 1551 in
276 1489 417 1574 requiem
441 1489 619 1575 praedicare
642 1513 759 1554 annum
783 1489 840 1554 dni
864 1496 1030 1575 acceptum.
1053 1496 1085 1555 et
1110 1490 1194 1554 diem
1221 1489 1449 1557 retributionis.

222 1586 249 1627 ²⁰
291 1591 336 1654 Et
358 1615 429 1655 cum
451 1590 614 1677 plicuisset
636 1591 752 1656 librum
774 1590 913 1657 reddidit
936 1591 1081 1656 ministro
1103 1599 1136 1656 et
1150 1591 1240 1656 sedit.
1260 1598 1292 1656 et
1307 1593 1448 1657 omnium

220 1692 254 1756 in
277 1713 438 1778 synagoga
460 1692 543 1758 oculi
568 1694 678 1777 [erant]
702 1694 903 1760 intendentes
925 1693 958 1758 in
981 1694 1032 1759 eir.
1078 1692 1104 1730 ²¹
1149 1693 1265 1777 Ooepit
1280 1702 1385 1758 autem
1402 1697 1447 1761 di·

221 1817 291 1858 cere
313 1795 354 1859 ad
374 1794 444 1859 illos
468 1795 543 1879 quia
564 1796 659 1860 hodie
681 1797 802 1882 inpleta
825 1801 873 1861 est
894 1797 974 1861 haec
996 1795 1151 1882 scriptura
1176 1796 1210 1859 in
1239 1796 1368 1861 auribus
1394 1822 1448 1863 ue·

220 1896 302 1962 stris.
317 1895 344 1932 ²²
356 1904 388 1962 et
410 1919 518 1962 omnes
542 1897 759 1963 testimonium
782 1898 830 1963 illi
853 1898 1027 1963 reddebant
1049 1906 1081 1962 et
1109 1897 1306 1963 mirabantur
1326 1898 1360 1963 in
1385 1924 1450 1965 uer·
1542 1885 1546 1891 ⁵

220 2000 269 2062 bis
290 1999 410 2084 gratiae
433 2022 515 2084 quae
537 2000 747 2084 procedebant
770 2001 808 2066 de
831 2008 885 2065 ore
911 2000 1010 2086 ipsius
1039 2006 1072 2065 et
1102 2000 1249 2065 dicebant
1281 2005 1364 2065 ndns
1395 2002 1450 2067 hic

221 2107 269 2165 θεῖ
290 2100 375 2165 fflius
397 2101 507 2188 ioseph
531 2102 621 2167 fabri.
666 2100 693 2138 ²³
737 2104 781 2168 Et
804 2101 849 2169 ait
870 2103 936 2167 illis
967 2102 1079 2186 utique
1111 2101 1223 2167 dicetis
1255 2102 1336 2166 mihi
1367 2104 1449 2168 hanc

223 2202 476 2270 similitudinem.
499 2205 621 2270 medice
653 2228 728 2269 cura
755 2205 891 2291 teipsum
922 2211 1040 2290 quanta
1063 2203 1244 2269 audiuimus
1276 2203 1360 2269 facta
1394 2206 1449 2288 [in]

223 2305 435 2389 capharnaum
458 2306 508 2371 fac
530 2313 563 2372 et
584 2307 636 2372 hic
662 2307 695 2371 in
725 2307 828 2392 patria
860 2313 925 2372 tua.
971 2305 1000 2343 ²⁴
1041 2307 1102 2370 Ait
1133 2313 1240 2371 autem
1262 2305 1323 2371 ihs.
1358 2330 1450 2371 amen

222 2429 315 2470 amen
337 2407 406 2473 dico
429 2409 519 2473 uobis
540 2410 623 2494 quod
646 2433 739 2475 nemo
757 2412 911 2496 propheta
925 2416 1073 2494 acceptus
1088 2415 1138 2473 est
1152 2408 1185 2472 in
1200 2407 1335 2494 patriam
1350 2431 1450 2475 suam.

223 2505 251 2546 ²⁶
293 2509 334 2572 Iu
356 2509 491 2575 ueritate
514 2511 583 2576 dico
612 2513 702 2577 uobis
731 2512 850 2577 multae
879 2511 996 2576 uiduae
1026 2509 1157 2576 fuerunt
1189 2510 1223 2573 in
1253 2508 1383 2575 istrahel
1415 2511 1450 2575 in

222 2609 332 2676 diebus
354 2611 438 2678 helia
461 2614 586 2698 quando
609 2614 730 2679 clusum
753 2620 801 2679 est
824 2615 947 2678 caelum
977 2614 1069 2678 annis
1098 2611 1198 2679 tribus
1229 2623 1262 2676 et
1290 2612 1449 2679 mensibus

221 2735 277 2778 sex
300 2735 372 2778 cum
396 2715 479 2780 facta
500 2725 548 2780 est
570 2714 662 2781 famis
685 2740 799 2800 magna
821 2716 853 2780 in
878 2739 1003 2780 ornnem
1035 2722 1152 2780 terram
1165 2713 1237 2779 2⁶et
1265 2715 1304 2779 ad
1331 2716 1448 2780 nullam

221 2814 347 2880 illarum
369 2817 483 2882 missus
507 2824 554 2882 est
576 2817 676 2883 helias
698 2818 760 2882 nisi
783 2817 815 2881 in
839 2817 1111 2903 sareptafflsidonie
1140 2817 1180 2881 ad
1207 2815 1372 2882 mulierem
1401 2821 1449 2881 ui·

222 2917 326 2981 duam.
372 2915 398 2956 ’ἲ
444 2920 487 2984 Et
520 2920 614 2984 multi
642 2919 758 3005 leprosi
788 2928 879 2986 erant
905 2919 937 2983 in
968 2919 1100 2984 istrahel
1126 2919 1183 2983 sub
1211 2919 1349 2983 helisaeo
1378 2943 1450 3005 pro-

222 3020 341 3104 phetha
364 3029 396 3085 et
416 3045 509 3086 nemo
533 3045 640 3086 eorum
664 3022 833 3086 mundatus
855 3027 904 3086 ast
925 3021 987 3086 nisi
1009 3045 1123 3085 neman
1140 3043 1240 3105 syrus.
1254 3018 1325 3086 ²⁸et
1338 3021 1450 3106 repleti

222 3127 296 3186 sunt
318 3145 426 3187 omnes
449 3126 483 3186 in
510 3147 670 3208 synagoga
697 3124 744 3188 ira
776 3125 856 3189 haec
891 3123 1066 3188 audientes.
1079 3121 1106 3159 ²⁹
1118 3129 1150 3186 et
1183 3127 1387 3186 surrexerunt
1419 3128 1452 3187 et

222 3223 382 3289 eiecerunt
404 3224 494 3289 illum
519 3232 608 3291 extra
630 3225 792 3291 ciuitatem
816 3230 848 3290 et
871 3225 1031 3289 duxerunt
1052 3224 1143 3288 illum
1165 3246 1266 3307 usque
1288 3223 1327 3287 ad
1342 3246 1449 3308 super·

223 3325 341 3390 cliuum
365 3329 480 3392 montis
502 3351 712 3413 superquam
737 3328 850 3393 ciuitas
873 3327 998 3392 illorum
1024 3337 1090 3391 orat
1112 3325 1275 3391 aedificata
1297 3331 1334 3389 ut
1355 3331 1452 3411 preci-

222 3427 361 3512 pitarent
382 3453 464 3494 eum.
479 3429 583 3517 ³⁰ipse
605 3439 709 3496 autem
733 3455 790 3515 per
812 3430 953 3494 medium
975 3430 1101 3494 illorum
1126 3436 1158 3494 et
1179 3429 1252 3494 ibat.

307 3530 405 3597 VIII.
451 3531 477 3568 ³¹
522 3534 565 3597 Et
587 3534 748 3598 descendit
769 3532 804 3596 in
827 3532 1051 3616 Oapharnaum
1074 3531 1205 3596 ciuitate
1228 3531 1380 3616 galilaeae
1395 3531 1454 3596 ibi-

223 3653 284 3714 que
307 3633 437 3698 docebat
466 3634 536 3699 illos
564 3636 710 3700 sabbatis.
725 3633 751 3670 ³²
764 3636 934 3720 stupebant
966 3641 1072 3699 autam
1107 3634 1140 3698 in
1175 3633 1349 3699 doctrinam
1382 3635 1451 3700 eius

223 3735 298 3817 quia
320 3735 354 3798 in
376 3743 531 3820 potestate
554 3745 620 3801 erat
644 3759 745 3801 sermo
769 3736 846 3800 eius.
893 3734 920 3773 ³³
963 3736 1009 3801 Et
1031 3746 1098 3800 erat
1120 3737 1214 3800 homo
1236 3737 1270 3801 in
1293 3759 1452 3821 synagoga

222 3836 340 3901 habens
363 3838 554 3903 daemonium
577 3838 763 3902 inmundum
793 3844 824 3903 et
854 3836 1047 3902 exclamauit
1073 3859 1150 3901 uoce
1179 3837 1451 3922 magna³⁴dicens

223 3938 411 4021 quidnobis
434 3948 466 4004 et
487 3940 547 4005 tibi
569 3940 626 4004 ihti
651 3963 827 4005 nazorenae
850 3939 968 4004 uenisti
992 3939 1122 4024 perdere
1144 3963 1201 4004 nos
1226 3940 1290 4004 scic
1316 3947 1349 4005 te
1379 3942 1454 4026 quis

222 4065 254 4106 es
276 4049 312 4107 tu
334 4049 461 4107 sanctus
483 4043 524 4106 di.
571 4041 598 4081 ³⁵
641 4043 685 4108 Et
713 4041 892 4127 increpauit
916 4041 1006 4105 illum
1030 4041 1098 4105 dms
1124 4041 1240 4106 dicens.
1270 4043 1450 4110 obmutesce

222 4150 254 4209 et
276 4144 329 4208 exi
352 4146 391 4209 ab
413 4146 478 4208 illo.
503 4154 628 4210 etcum
655 4144 840 4230 proiecisset
867 4143 958 4207 illum
989 4142 1179 4207 daemonium
1212 4143 1291 4208 exiit
1324 4146 1362 4209 ab
1394 4146 1454 4211 illo

223 4244 366 4331 nihilque
389 4246 479 4310 illum
503 4247 619 4312 nocuit.
666 4245 693 4284 ³⁶
736 4248 780 4312 Et
804 4246 906 4310 factus
928 4253 975 4310 est
996 4268 1096 4330 pauor
1116 4244 1149 4308 in
1173 4245 1318 4309 omnibus
1341 4252 1373 4310 et
1387 4247 1465 4328 col<

223 4348 434 4435 loquebantur
457 4350 496 4412 ad
518 4349 657 4414 inuicem
682 4349 821 4413 dicentes
844 4349 927 4433 quod
951 4353 999 4412 est
1021 4348 1080 4411 hoc
1101 4348 1233 4410 uerbum
1258 4346 1334 4430 quia
1350 4346 1382 4409 iu
1399 4371 1449 4432 po·

222 4456 335 4516 testate
359 4457 391 4515 et
413 4451 532 4515 uirtute
555 4457 690 4537 imperat
719 4451 885 4536 spiritibus
914 4449 1077 4514 inmundis
1105 4456 1136 4514 et
1169 4454 1288 4513 exeunt
1300 4446 1326 4485 ³⁷
1338 4456 1370 4513 et
1402 4449 1453 4512 di·

224 4553 413 4636 uulgabatur
435 4552 519 4617 fama
543 4553 581 4618 de
608 4553 664 4617 illo
690 4553 723 4617 in
753 4576 879 4617 omnem
912 4553 1015 4617 locum
1049 4550 1194 4635 regionis.
1240 4548 1267 4586 ³⁸
1311 4549 1455 4634 Surgens

222 4663 330 4720 autern
353 4654 392 4718 de
414 4678 572 4739 synagoga
594 4654 739 4719 introiuit
761 4654 795 4718 in
812 4654 940 4719 domum
955 4653 1084 4718 simonis
1107 4659 1139 4718 et
1165 4653 1307 4717 andreae.
1335 4652 1453 4717 Socrus

1262 4753 1298 4807 b*
