3467 5192
690 280 816 318 marcum
839 264 876 329 (c.
904 265 944 330 t).
1370 265 1430 330 109

200 434 273 501 fons
295 435 458 520 sanguinis
481 435 550 501 eius
572 443 604 501 et
626 433 726 500 sensit
748 457 875 520 corpore
897 433 966 500 eius
988 434 1072 519 quod
1094 441 1177 500 esset
1198 457 1217 498 a
1238 435 1331 520 plaga
1346 438 1427 500 sana.

201 535 232 575 ⁸⁰
275 537 433 624 slognouit
455 547 561 604 autem
583 538 634 604 ihs
657 537 810 604 uirtutem
833 536 937 602 exisse
958 560 978 601 a
998 559 1033 602 se
1055 543 1087 601 θῖ
1109 558 1279 602 conuersus
1302 536 1342 602 ad
1363 549 1429 602 tur·

202 641 267 706 bas.
291 641 363 726 quis
384 641 490 725 tetigit
510 639 702 708 uestimenta
724 662 802 704 maa.
841 636 867 675 ³¹
912 637 1036 703 Dicunt
1056 638 1087 703 ei
1109 661 1183 722 ergo
1199 637 1345 724 discipuli
1361 639 1431 704 eius

203 741 293 808 uides
314 745 435 810 turbam
456 742 705 828 conprimentem
730 748 762 807 te
795 751 827 806 et
858 739 936 805 dicis
970 738 1042 824 quis
1073 762 1124 804 me
1157 739 1272 824 tetigit.
1317 738 1344 777 ³²
1387 741 1432 806 Et

201 843 475 931 circumspiciebat
496 845 548 910 ihs
571 845 679 910 nidere
706 868 800 930 quam
835 844 895 909 hoc
927 841 1054 909 fecerat.
1100 839 1127 878 ³³
1171 842 1216 908 nt
1249 843 1363 908 mulier
1395 843 1432 909 ti·

203 969 293 1012 mens
315 955 347 1013 θῖ
368 957 506 1014 tremens
528 946 630 1013 sciens
656 947 741 1032 quod
769 945 888 1018 fecerat
920 945 1043 1011 occulto
1076 944 1180 1009 sciens
1209 943 1329 1010 factum
1362 944 1432 1031 ipsa

202 1049 294 1115 uenit
315 1058 348 1116 et
368 1048 503 1135 procidit
524 1057 598 1114 ante
621 1071 694 1114 eum
717 1055 749 1113 et
771 1046 854 1112 dixit
868 1045 900 1112 ei
914 1068 1041 1112 omnem
1056 1045 1236 1112 ueritatem.
1249 1046 1277 1085 ³⁴
1287 1047 1339 1112 ihs
1355 1071 1430 1114 uero

203 1151 250 1217 ait
271 1150 328 1216 illi.
350 1151 416 1216 filia
437 1150 514 1216 fides
535 1158 591 1216 tua
613 1158 645 1215 te
667 1149 788 1214 saluam
811 1147 888 1214 fecit
910 1149 991 1214 uade
1013 1147 1047 1212 in
1068 1171 1179 1234 pacem
1196 1160 1228 1214 et
1253 1161 1321 1215 esto
1354 1173 1431 1216 sana

201 1277 223 1318 a
244 1253 336 1339 plaga
356 1263 421 1319 tua.
448 1250 496 1343 ¹³⁵
540 1252 657 1317 Adhuc
687 1275 724 1316 eo
756 1251 906 1336 loquente
939 1250 1075 1318 ueniunt
1105 1252 1145 1317 ad
1178 1251 1430 1337 archisynagogi

202 1355 343 1421 dicentes
364 1355 431 1420 filia
452 1363 508 1420 tua
530 1361 716 1420 mortuaest
734 1353 862 1439 qnidam
878 1352 912 1437 (l)
931 1353 1003 1439 plus
1026 1376 1123 1419 nexas
1145 1354 1329 1440 magistrum
1341 1352 1369 1392 ³⁶
1380 1353 1432 1418 ihs

203 1464 311 1523 autem
333 1457 466 1523 audiens
487 1458 546 1523 hoc
567 1457 700 1522 uerbum
723 1455 768 1521 ait
790 1454 1038 1541 archisynagogo
1067 1455 1132 1522 noli
1166 1455 1279 1523 timere
1307 1465 1432 1522 tantum
1531 1462 1533 1474 '

200 1560 302 1626 crede.
348 1558 376 1598 ⁸⁷
419 1560 463 1626 Εῖ
500 1583 562 1626 non
600 1559 728 1624 admisit
762 1564 922 1642 qucquam
955 1559 1044 1644 sequi
1081 1581 1115 1624 se
1147 1558 1211 1624 nisi
1244 1565 1368 1644 petrum
1401 1568 1434 1625 et

202 1661 349 1728 iacobum
372 1669 404 1728 et
424 1663 594 1729 iohannem
617 1660 715 1727 fratre
738 1660 850 1727 iacobi.
896 1659 924 1698 ³⁸
966 1661 1012 1727 Et
1037 1661 1127 1727 uenit
1159 1663 1193 1726 in
1226 1662 1353 1728 domum
1387 1685 1433 1726 ar-

202 1764 408 1850 chisynagogi
430 1774 463 1830 et
492 1764 575 1830 uidit
605 1765 735 1830 flentem
767 1765 861 1830 turba
893 1772 925 1829 et
956 1764 1184 1830 lamentantem
1214 1764 1360 1830 multum.
1406 1762 1433 1803 ³⁹

205 1866 250 1932 Et
272 1867 431 1952 ingressus
454 1869 499 1934 ait
524 1867 601 1953 quid
634 1866 806 1933 turbamini
839 1874 872 1932 et
903 1865 980 1952 quid
1002 1865 1140 1947 ploratis.
1173 1867 1280 1952 puella
1311 1873 1354 1932 nb
1387 1877 1435 1934 est

205 1957 329 2036 mortua
350 1971 405 2036 sed
428 1971 552 2036 dormit.
565 1969 593 2007 ‘⁰
606 1969 656 2035 illi
677 1993 754 2036 uero
776 1969 958 2035 inridebant
978 1969 1078 2034 illum.
1102 1969 1171 2054 ipse
1202 1993 1279 2035 uero
1311 1970 1434 2036 adiecta

202 2072 297 2138 turba
318 2071 401 2138 foras
423 2073 588 2159 adsumpto
610 2079 710 2138 matre
733 2080 765 2138 et
786 2082 878 2158 patre
900 2072 1007 2158 puella
1028 2081 1062 2138 et
1084 2072 1140 2156 qui
1170 2095 1243 2137 cum
1272 2095 1309 2138 eo
1342 2085 1433 2140 erant

204 2183 238 2240 et
260 2174 405 2241 introiuit
426 2174 481 2240 ubi
513 2183 581 2241 erat
609 2176 725 2261 puella.
738 2173 765 2211 ‘¹
785 2185 817 2240 et
844 2182 956 2240 tenens
989 2198 1117 2239 manum
1151 2175 1275 2260 puellae
1308 2175 1353 2240 ait
1385 2175 1434 2240 illi

206 2277 328 2343 tabitha
349 2301 421 2343 cum
445 2278 528 2362 quod
550 2284 601 2344 est
622 2276 864 2364 interpretatum
887 2276 994 2363 puella
1015 2276 1075 2342 tibi
1097 2276 1167 2342 dico
1189 2300 1290 2362 surge.
1335 2277 1363 2314 ⁴²
1391 2278 1436 2343 Et

205 2378 372 2446 confestim
393 2380 533 2446 surrexit
554 2381 662 2465 puella
684 2388 717 2444 et
738 2379 920 2445 ambulabat
941 2386 1009 2444 erat
1030 2387 1137 2444 autem
1164 2402 1316 2445 annornm
1348 2380 1432 2446 XII.

205 2482 252 2547 Et
273 2490 464 2568 stupuerunt
485 2505 595 2548 omnes
617 2490 744 2568 stupore
766 2504 891 2566 magno.
903 2479 930 2518 ‘⁸
943 2490 975 2547 θῖ
995 2481 1138 2568 precepit
1159 2481 1224 2547 illis
1251 2482 1303 2547 ihs
1326 2492 1362 2548 ut
1383 2506 1434 2547 ne·

207 2583 287 2649 mini
309 2584 451 2650 dicerent
473 2594 505 2651 et
527 2584 608 2650 dixit
631 2585 699 2650 dari
721 2584 770 2649 illi
792 2584 991 2650 manducare,

292 2687 390 2754 XVI.
416 2693 455 2765 (c.
480 2690 512 2768 6)
558 2689 569 2724 ¹
613 2689 658 2753 Et
679 2686 839 2772 ingressus
860 2685 936 2752 inde
958 2687 1010 2750 ihs
1031 2687 1111 2753 abiit
1131 2687 1164 2752 in
1185 2687 1321 2774 patriam
1343 2712 1433 2755 suam

202 2799 237 2856 et
258 2791 470 2875 sequebantur
492 2814 565 2856 eum
588 2789 737 2876 discipuli
759 2789 856 2855 illius.
902 2787 914 2824 ²
957 2789 1002 2855 Et
1024 2791 1128 2876 coepit
1156 2790 1208 2856 die
1238 2791 1359 2859 sabbati
1382 2793 1435 2859 do·

207 2915 278 2958 cere
293 2893 327 2958 in
349 2904 508 2978 synagoga
531 2901 562 2958 et
584 2893 678 2958 multi
699 2890 864 2957 audientes
887 2891 1122 2960 admirabantur·
1144 2892 1178 2958 in
1200 2894 1342 2960 doctrina
1364 2895 1434 2961 eius

203 3018 314 3061 omnes
337 2996 484 3066 dicentes.
507 2996 592 3060 unde
614 2995 689 3062 huic
710 2997 789 3062 haec
811 3005 843 3062 et
872 3003 1025 3082 quaeest
1057 2995 1213 3081 sapientia
1246 3019 1327 3081 quae
1360 2997 1433 3062 data

203 3105 253 3163 est
273 3097 322 3162 illi
345 3105 378 3163 et
398 3099 533 3165 uirtutes
555 3099 624 3164 eius
646 3121 836 3184 parmenus
859 3099 927 3165 eius
950 3095 1136 3164 efficiantur.
1152 3098 1281 3165 ³ncnne
1303 3097 1357 3165 hic
1386 3106 1435 3164 est

203 3199 293 3266 faber
313 3199 398 3266 filius
419 3200 538 3266 mariae
553 3201 650 3267 frater
663 3200 764 3268 iacobi
784 3209 817 3267 et
827 3201 921 3267 iudae
932 3210 965 3267 et
975 3201 1113 3266 simones
1125 3205 1163 3278 (Ι)
1179 3209 1212 3266 θῖ
1226 3223 1348 3267 sorores
1363 3201 1434 3267 eius

203 3301 258 3368 hio
280 3310 353 3367 sunt
374 3303 546 3370 nobiscum.
571 3311 602 3369 et
623 3305 918 3370 scandalizabantur
939 3304 973 3369 in
995 3304 1058 3370 illo.
1104 3305 1118 3341 ⁴
1160 3303 1205 3368 Et
1237 3302 1362 3369 dicebat
1384 3301 1430 3368 eis

206 3403 439 3490 ihsquianon
462 3405 998 3492 estprophetasinehonorenisi
1021 3405 1181 3492 inpetriri.
1213 3429 1302 3470 suam
1335 3417 1368 3472 et
1401 3407 1435 3471 in

204 3507 393 3593 cognatione
419 3515 451 3573 et
471 3507 505 3573 in
528 3509 655 3574 domum
678 3532 777 3575 suam.
823 3507 836 3546 ⁵
879 3510 923 3575 Et
944 3533 1008 3575 non
1030 3508 1173 3577 fecitibi
1196 3508 1331 3575 uirtutes
1353 3509 1433 3574 mul·

208 3619 256 3675 tas
277 3609 339 3675 nisi
368 3633 483 3696 paucos
517 3610 657 3676 infirmos
687 3611 843 3696 inponens
876 3636 1005 3676 manum
1036 3610 1227 3677 curauit⁶et
1262 3611 1434 3678 mirabatur

207 3722 334 3798 propter
354 3712 576 3788 incredulitate
599 3713 734 3778 illorum.
779 3714 824 3780 Et
852 3713 1039 3781 circumibat
1064 3714 1116 3779 ihs
1150 3715 1277 3780 castella
1309 3712 1344 3778 in
1377 3714 1434 3778 cir·

204 3814 295 3880 cuitu
317 3815 438 3880 docens.
860 3897 864 3906 μ

291 3918 408 3984 XVII.
456 3918 468 3957 ⁷
511 3919 555 3984 Et
577 3918 765 3985 conuocauit
787 3919 953 3984 duodecim
975 3918 1138 4005 discipulis
1160 3918 1247 3984 misit
1273 3917 1344 3984 illos
1378 3941 1435 4004 per

208 4020 298 4085 binos
321 4020 398 4085 dans
420 4020 484 4085 illis
507 4027 695 4107 potestatem
718 4022 828 4106 fugare
850 4021 1020 4107 spirituum
1041 4020 1274 4087 inmundorum.
1312 4019 1325 4058 ⁸
1361 4023 1435 4087 Pre-

207 4121 293 4208 cepit
314 4122 377 4188 illis
398 4147 439 4189 ne
461 4123 538 4209 quid
559 4146 665 4189 secum
688 4123 859 4204 tollere(n)t
881 4124 916 4188 in
945 4123 1032 4188 uiam
1061 4124 1123 4188 nisi
1155 4123 1278 4209 uirgam
1310 4131 1435 4190 tantum

209 4247 273 4290 non
294 4247 401 4310 peram
424 4249 527 4311 neque
549 4249 663 4312 panem
685 4249 789 4312 neque
820 4249 969 4292 nummus
1001 4225 1035 4290 in
1068 4226 1157 4292 nonis
1171 4226 1250 4292 ⁹sed
1282 4227 1435 4293 calceatos

211 4327 374 4411 galliculas
382 4330 419 4408 (1)
442 4337 473 4394 et
497 4351 538 4393 ne
560 4329 747 4396 indueretur
768 4328 857 4394 binas
876 4327 1008 4394 tunicas.
1055 4327 1082 4365 ¹⁰
1123 4329 1169 4394 Et
1190 4329 1272 4395 dixit
1294 4329 1338 4394 eis
1359 4353 1435 4414 quo·

207 4452 345 4514 cumque
366 4429 552 4497 introieritis
574 4431 618 4496 ibi
648 4440 774 4497 manete
804 4431 904 4496 donec
937 4431 1057 4496 exeatis
1089 4431 1173 4496 inde.
1219 4431 1245 4468 ¹²
1289 4433 1334 4498 Et
1367 4433 1436 4516 qui·

210 4553 337 4618 cunque
359 4555 422 4608 non
444 4532 645 4618 receperi(n)t
667 4557 724 4600 uos
746 4555 850 4620 neque
865 4532 1025 4598 audierint
1036 4556 1093 4598 uos
1110 4544 1263 4599 exeuntes
1286 4534 1358 4599 inde
1381 4557 1435 4600 ex·

208 4634 309 4701 cntite
331 4637 496 4720 puluerem
518 4635 557 4700 de
578 4635 712 4721 pedibus
743 4635 858 4712 uestris
885 4635 920 4700 in
952 4635 1170 4701 testimonium
1203 4635 1276 4702 illis.
1324 4635 1350 4673 ¹²
1393 4637 1438 4702 nt
