3467 5192
673 263 828 316 iohannem
847 262 883 327 (c.
902 264 958 325 20).
1390 265 1432 328 59

198 433 338 520 lapidem
358 431 517 498 sublatum
540 455 559 496 a
582 440 795 499 monumento.
812 432 975 498 ²cucurrit
996 455 1070 518 ergo
1093 440 1125 497 et
1151 432 1242 498 uenit
1271 433 1310 497 ad
1341 433 1432 498 simo·

197 560 274 602 nem
295 540 421 622 petrum
446 535 537 601 etad
561 534 659 600 alium
682 535 873 621 discipulum
904 559 998 620 quem
1027 535 1186 621 dilegebat
1213 536 1265 600 ihs
1292 541 1324 600 et
1356 534 1433 601 dicit

192 638 258 712 eis.
281 639 424 703 tulerunt
446 638 518 702 dom
542 637 579 702 dc
603 646 808 704 monumento
830 644 863 703 et
885 637 1045 704 nescimus
1068 637 1124 703 ubi
1153 645 1326 725 posuerunt
1348 661 1430 702 eum.

198 738 328 806 11θιιιιιιι
350 762 423 825 crgo
445 748 553 825 petrus
576 746 609 806 et
631 739 687 806 ille
709 739 791 806 alius
813 739 988 825 discipulus
1011 745 1043 806 et
1064 739 1237 805 ueniebant
1258 741 1298 804 ad
1324 763 1431 805 monu-

198 849 351 908 mentum.
365 841 535 908 ‘currebat
557 848 665 908 autem
688 842 750 929 ipsi
772 843 834 907 duo
857 841 953 907 simul
974 842 1029 907 ille
1052 849 1158 907 autern
1190 841 1269 907 alius
1297 841 1432 923 discipu-

197 947 248 1011 lus
270 944 475 1031 praeouourrit
497 943 591 1010 citius
620 952 709 1030 petro
740 951 772 1010 et
801 945 891 1010 uenit
924 945 1009 1030 prior
1042 945 1082 1009 ad
1111 951 1361 1010 monumentum.
1375 944 1432 1010 5et

198 1071 271 1113 cum
293 1070 327 1112 se
349 1046 534 1113 inclinasset
557 1054 589 1112 et
610 1046 825 1133 prospexisset
847 1046 929 1112 uidit
951 1047 1053 1133 posits
1079 1046 1265 1112 linteamina
1294 1070 1357 1110 non
1387 1055 1431 1112 ta·

198 1174 272 1216 men
294 1149 447 1215 introiuit.
463 1149 577 1215 6ιιθιιιι
600 1172 675 1234 ergo
698 1149 801 1215 simon
822 1157 931 1236 petrns
957 1172 1092 1235 sequens
1123 1173 1196 1214 eum
1226 1159 1258 1214 et
1286 1149 1432 1215 introiuit

197 1253 233 1318 in
254 1258 496 1318 monumentum
518 1260 550 1317 et
573 1251 654 1317 uidit
677 1251 865 1317 linteamina
887 1251 1059 1338 positalet
1081 1252 1243 1318 sudarium
1263 1253 1430 1336 quoderat

196 1378 293 1442 super
314 1361 410 1440 caput
431 1354 499 1420 sius
524 1377 588 1418 non
611 1376 683 1419 cnm
708 1353 948 1421 linteaminibus
969 1360 1038 1419 erat
1059 1353 1196 1468 positum
1225 1354 1280 1420 sed
1309 1377 1428 1441 separa·

196 1456 256 1523 tim
278 1455 404 1522 inuolut
391 1465 459 1522 tum
483 1456 516 1521 in
538 1480 638 1522 unum
662 1457 775 1522 locum
822 1454 836 1493 ⁸
880 1458 973 1524 Tunc
996 1480 1069 1542 ergo
1092 1456 1124 1520 in
1127 1455 1239 1522 troinit
1260 1465 1293 1522 et
1313 1456 1368 1521 ille
1383 1457 1429 1521 di·

196 1559 338 1675 scipulos
361 1561 417 1644 qui
439 1566 571 1626 uenerat
593 1557 679 1644 prior
701 1559 741 1623 ad
764 1544 1005 1625 monumentum
1034 1565 1067 1624 et
1053 1558 1239 1624 tuiditet
1272 1558 1431 1625 credidit⁹

196 1685 260 1727 non
284 1661 370 1727 enim
392 1661 511 1727 sciebat
498 1662 615 1748 tsorip
617 1668 720 1726 turam
746 1661 822 1746 quia
845 1668 936 1748 oport
924 1663 1009 1727 tteba
995 1667 1104 1727 teum
1127 1685 1290 1746 resurgere
1312 1685 1331 1726 a
1352 1685 1430 1726 mor·

196 1763 270 1830 tuis.
317 1762 344 1801 ¹⁰
386 1763 547 1830 Abierunt
569 1787 641 1850 ergo
663 1764 780 1830 iterum
804 1773 881 1850 aput
903 1788 937 1829 sc
966 1764 1114 1850 discipuli
1145 1762 1194 1929 [lad
1222 1763 1428 1851 semetipsosl.

198 1865 224 1903 11
269 1867 372 1931 Maria
394 1874 501 1932 autem
524 1867 628 1932 stabat
655 1869 694 1932 ad
721 1874 962 1932 monumentum
998 1865 1093 1951 [loris]
1110 1867 1323 2005 plutorans
1357 1891 1430 1952 ergo

195 1969 335 2056 plorauit
346 1968 516 2035 inclinauit
531 1995 565 2036 se
577 1978 610 2036 et
621 1970 783 2056 prospexit
798 1970 831 2034 in
854 1977 1040 2034 monument
1041 1968 1120 2034 nm¹
1124 1968 1179 2034 1θι
1167 1968 1290 2034 tuidet
1278 1973 1336 2050 td)
1352 1970 1430 2034 duos

195 2072 325 2156 angelos
347 2071 380 2135 in
403 2072 482 2136 albis
504 2073 656 2138 sedentes
679 2096 778 2138 unum
802 2073 840 2136 ad
865 2079 998 2158 cepute
981 2072 1101 2136 etunu
1124 2072 1163 2136 ad
1186 2072 1281 2156 pedes
1304 2071 1358 2136 ubi
1379 2095 1431 2158 po

194 2175 293 2240 situm
317 2182 384 2240 erat
407 2197 518 2261 corpus
543 2175 610 2240 imi.
657 2173 683 2212 ¹³
728 2174 818 2240 Dicit
840 2175 870 2239 si
893 2174 951 2238 illi.
975 2173 1089 2238 mulier
1111 2173 1187 2258 quid
1205 2174 1319 2260 ploras.
1377 2176 1430 2239 Di·

196 2277 240 2342 cit
262 2276 308 2343 eis
331 2275 480 2361 quoniam
496 2263 645 2342 'tulerunt
667 2278 739 2342 dom
763 2300 868 2341 meum
893 2285 924 2342 et
946 2276 1053 2342 nescio
1075 2275 1130 2340 ubi
1151 2285 1323 2361 posuerunt
1345 2301 1427 2342 eum.

198 2377 226 2415 ¹⁴
268 2379 359 2444 Haec
382 2401 454 2444 eum
478 2379 610 2445 dixisset
634 2401 787 2444 conuersa
809 2384 857 2444 est
879 2387 1050 2443 retrorsum
1080 2386 1113 2443 et
1141 2378 1223 2443 uidit
1248 2378 1315 2441 ihm
1344 2385 1427 2444 stan·

195 2488 260 2545 tem
284 2487 316 2546 et
338 2504 399 2546 non
424 2480 541 2547 sciebat
561 2480 636 2567 quie
658 2480 709 2546 ihs
733 2490 787 2546 est.
804 2480 830 2518 ¹⁵
842 2481 920 2546 dicit
942 2481 971 2544 ei
995 2480 1056 2544 ihs
1084 2480 1199 2545 mulier
1228 2481 1304 2565 quid
1323 2481 1427 2567 ploras

193 2606 290 2668 quem
313 2584 447 2668 quaeris.
471 2583 526 2648 illa
548 2584 738 2650 existimans
761 2584 837 2669 qnia
859 2584 1023 2649 ortulanus
1046 2591 1128 2649 esset
1145 2582 1223 2648 dicit
1241 2582 1278 2647 θι.
1311 2584 1372 2648 dire
1401 2585 1427 2649 si

194 2693 230 2750 tu
253 2686 408 2751 sustulisti
431 2710 503 2750 eum
526 2686 578 2752 dic
602 2686 683 2752 mihi
706 2686 759 2751 ubi
783 2686 917 2773 posuisti
947 2711 1020 2751 eum
1050 2694 1082 2751 et
1110 2709 1167 2770 ego
1201 2711 1273 2750 euin
1308 2693 1423 2751 tollam.

196 2787 223 2824 11
233 2787 312 2853 dicit
334 2788 363 2854 ei
386 2787 437 2852 ihs
461 2788 568 2854 maria.
593 2797 625 2855 et
651 2812 803 2855 conuersa
836 2789 889 2853 illa
920 2789 999 2855 disit
1031 2788 1197 2853 hebraicae
1229 2789 1259 2853 ei
1293 2789 1425 2855 rabboni

193 2890 279 2976 quod
300 2890 526 2976 interpretatur
554 2890 706 2977 magister
738 2892 810 2956 dire.
858 2890 884 2929 ¹⁷
928 2890 1019 2956 Dicit
1045 2890 1075 2956 ei
1102 2890 1163 2955 ihs.
1194 2892 1259 2956 noli
1276 2916 1326 2956 me
1357 2902 1425 2958 tan·

191 3015 268 3078 gere
290 2993 429 3057 nondum
453 3003 506 3058 eni
529 2993 655 3058 ascendi
677 2993 717 3058 ad
740 3003 862 3079 patrem
886 3017 1001 3058 meum.
1047 2993 1138 3058 Uade
1160 3001 1266 3058 antem
1294 2996 1334 3059 ad
1365 2996 1426 3062 fra·

195 3101 258 3160 tres
282 3118 367 3159 meos
390 3103 422 3160 et
443 3095 494 3162 dic
516 3095 589 3160 illis.
613 3096 747 3161 ascendo
772 3096 811 3160 ad
833 3102 954 3182 patrem
968 3119 1074 3159 meum
1093 3105 1125 3161 et
1146 3108 1268 3181 patrem
1286 3104 1427 3162 uestrum

194 3197 247 3260 dr‘rl
271 3219 377 3261 meum
400 3206 432 3263 et
455 3198 507 3262 dm
532 3205 685 3266 uestrum.
699 3196 769 3263 ¹⁸et
790 3198 881 3263 uenit
903 3197 1005 3262 maria
1026 3198 1212 3283 magdalene
1233 3198 1428 3264 adnuncians

193 3297 358 3385 discipulis
381 3300 456 3386 quia
478 3300 545 3364 uidi
568 3300 640 3365 dom
665 3307 697 3366 et
719 3301 797 3366 haec
819 3300 903 3366 dixit
924 3299 1013 3365 mihi.
1069 3299 1096 3337 ¹⁹
1144 3300 1227 3364 Oum
1255 3323 1328 3384 ergo
1359 3325 1427 3367 sero

193 3408 278 3466 esset
301 3402 352 3466 die
374 3401 429 3466 illo
452 3426 515 3467 una
536 3404 738 3468 sabbatorum
761 3411 793 3468 θι
814 3403 929 3468 ianuae
953 3411 1057 3469 essent
1079 3403 1184 3468 clusae
1206 3403 1259 3466 nbi
1277 3416 1367 3468 erant
1381 3405 1426 3468 di-

196 3503 310 3590 scipuli
333 3504 454 3570 collecti
476 3513 604 3592 propter
626 3511 746 3570 metum
770 3504 934 3571 iudeorum
958 3507 1049 3570 uenit
1070 3505 1122 3569 ihs
1145 3515 1176 3570 et
1197 3505 1286 3570 stetit
1307 3506 1340 3568 in
1363 3531 1426 3571 me·

193 3606 247 3670 dio
270 3613 303 3672 et
325 3605 371 3671 ait
392 3606 448 3672 eis.
493 3608 564 3672 Pax
587 3607 686 3673 uobis.
700 3606 771 3672 ²⁰et
794 3631 865 3673 cum
889 3609 949 3673 hoc
972 3608 1104 3672 dixisset
1126 3607 1263 3672 ostendit
1294 3608 1340 3673 eis
1363 3633 1426 3673 ma·

195 3732 254 3775 nns
276 3716 310 3775 et
330 3710 423 3775 latus.
448 3715 480 3776 et
500 3709 604 3795 ganisi
628 3715 702 3775 sunt
732 3733 804 3796 ergo
838 3709 985 3795 discipuli
1020 3710 1091 3775 uiso
1126 3710 1208 3773 dinc.
1265 3707 1291 3744 11
1348 3709 1427 3776 Dixi

192 3833 268 3896 ergo
291 3811 336 3877 eis
359 3812 411 3876 ihs
434 3810 558 3879 iterum.
584 3835 646 3898 pax
669 3811 768 3877 uobis.
792 3811 875 3877 sicut
898 3811 985 3878 misit
1008 3835 1058 3875 me
1080 3820 1170 3898 pater
1192 3817 1224 3876 et
1253 3834 1310 3896 ego
1334 3813 1425 3878 mitto

193 3937 260 3978 uos.
307 3911 334 3950 11
381 3915 470 3979 Haec
509 3938 581 3980 cum
626 3913 758 3980 dixisset
801 3913 977 3980 insufflabit
1020 3922 1052 3979 et
1096 3914 1141 3979 ait
1185 3913 1247 3977 illis
1291 3915 1427 4000 adcipite

192 4027 261 4101 spm
285 4027 358 4082 scm.
382 4039 516 4102 quorum
539 4016 726 4082 remiseritis
749 4023 877 4102 peccata
899 4017 1145 4094 remittendus).
1172 4054 1211 4061 —
1235 4053 1275 4062 -

281 4125 320 4195 (c.
345 4120 398 4200 21)
412 4117 478 4166 ⁸-
490 4157 531 4166 -
547 4119 602 4183 sed
625 4119 715 4204 quasi
731 4119 845 4184 cubitis
861 4120 1007 4185 ducentis
1023 4120 1184 4184 trahentes
1199 4131 1265 4183 rete
1281 4119 1424 4204 piscium.

194 4219 208 4257 ⁹
242 4221 289 4287 Ut
313 4243 387 4306 ergo
410 4221 641 4288 descenderunt
662 4222 696 4287 in
719 4230 833 4286 terram
857 4221 1008 4286 uiderunt
1038 4222 1187 4286 carbones
1219 4221 1362 4286 incensos
1396 4232 1428 4286 et

193 4323 312 4409 piscem
336 4330 368 4389 et
388 4347 504 4409 panem
526 4323 769 4410 superpositum.
816 4322 844 4360 ¹⁰
887 4323 977 4388 Dicit
1005 4323 1050 4388 eis
1080 4322 1140 4387 ihs.
1169 4323 1290 4389 adferte
1319 4324 1358 4387 de
1379 4324 1425 4408 pi·

189 4423 294 4491 scibus
316 4449 394 4510 quos
417 4447 500 4490 nuno
527 4425 662 4510 cepistis.
718 4425 742 4461 ¹¹
796 4426 953 4491 Ascendit
985 4426 1088 4490 simon
1121 4433 1229 4512 petrus
1263 4436 1294 4490 et
1328 4424 1426 4490 traxit

189 4528 327 4594 retem
318 4551 352 4591 ιιι
385 4535 501 4593 terram
536 4528 667 4612 plenum
703 4527 843 4614 piscibus
878 4528 1040 4642 msgnis
1033 4534 1106 4593 cten
1108 4552 1161 4592 nm
1195 4527 1427 4614 quinquaginta

191 4628 301 4696 tribus.
326 4641 358 4695 et
381 4652 452 4695 cnm
478 4628 560 4694 tanti
582 4636 688 4694 essent
708 4653 774 4695 non
804 4637 865 4698 est
879 4631 1011 4724 scissum
1045 4637 1122 4695 rete.
1179 4629 1205 4667 11
1259 4629 1348 4694 Dicit
1335 4631 1427 4694 teis

649 4695 795 4930 ss
801 4725 942 4835 ιιι

766 4845 966 4930 ilsssrrt

717 5029 789 5095 A·
797 4702 1012 5111 OQ&
