3467 5192
247 253 309 318 122
671 251 708 316 (o.
731 250 774 316 13)
793 251 974 318 euangelium
994 268 1050 306 seo.

241 421 429 508 loquamini
444 422 499 487 sed
522 422 606 507 quod
629 420 737 487 datum
761 421 850 487 uobis
873 421 970 487 fuerit
1001 422 1036 488 in
1069 422 1124 488 illa
1157 425 1234 490 hora
1269 424 1345 509 quid
1377 425 1477 510 loqui-

246 525 327 590 mini
349 547 412 590 non
435 523 520 589 enirn
542 547 599 590 uos
623 523 697 590 estis
721 524 777 610 qui
798 525 968 610 loquimini
991 526 1046 590 sed
1068 530 1123 611 sps
1144 536 1281 592 sanutus.
1328 526 1354 564 ²²
1398 528 1475 594 Tra·

244 628 300 693 det
321 637 427 693 autem
450 626 547 692 frater
568 626 697 692 fratrem
720 625 754 692 in
778 634 911 693 mortem
935 637 967 693 et
995 633 1084 714 pater
1112 627 1214 694 filium
1248 639 1280 696 et
1313 630 1477 716 insurgent

243 729 305 795 filii
327 729 360 794 in
382 734 507 816 paretes
530 740 562 794 et
585 729 678 795 morti
700 729 771 796 illos
798 729 954 796 adficient.
1001 729 1028 767 ¹³
1068 731 1116 822 Et
1149 731 1237 797 eritis
1271 732 1342 798 odio
1375 732 1474 798 omni·

246 833 304 898 bus
326 831 508 898 hominibus
529 840 657 919 propter
679 855 794 898 nomen
824 857 938 898 meum.
986 832 1051 917 Qui
1084 841 1189 899 autem
1223 833 1411 900 sustinuerit
1443 836 1477 900 in

245 937 341 1000 finem
363 933 416 1000 hio
439 939 544 1000 saluus
567 934 628 1000 erit
651 934 707 1020 qui
732 942 838 1000 autem
873 935 1058 1000 tolerauerit
1091 935 1124 999 in
1156 939 1252 1002 finem
1285 936 1339 1002 hio
1371 944 1477 1004 saluus

242 1036 315 1103 erit.
363 1034 390 1073 ¹⁴
434 1039 516 1104 (lum
540 1044 645 1103 autern
678 1037 823 1103 uideritis
853 1038 1121 1104 abominationem
1155 1038 1360 1105 desolationis
1392 1049 1477 1105 stans

244 1138 301 1204 ubi
323 1161 387 1204 nou
409 1146 532 1225 oportet
554 1139 609 1226 qni
632 1139 710 1226 legit
730 1140 904 1226 intellegat.
951 1141 1043 1206 Tune
1072 1140 1128 1225 qui
1157 1141 1270 1207 iudaea
1296 1150 1372 1208 sunt
1397 1141 1476 1227 fugi·

241 1249 301 1306 ant
325 1241 359 1305 in
381 1241 549 1308 montibus.
565 1241 591 1281 ²⁵
602 1251 635 1308 et
657 1243 713 1327 qui
735 1243 770 1310 in
792 1241 1006 1330 superioribus
1028 1265 1091 1308 non
1115 1243 1284 1310 descendet
1299 1245 1333 1309 in
1348 1245 1475 1310 domum

245 1367 368 1430 necque
391 1343 530 1410 introeat
552 1345 663 1410 tollere
691 1345 861 1431 quiequam
896 1346 935 1410 de
967 1345 1060 1411 domo
1093 1367 1160 1410 sua.
1207 1344 1234 1384 ¹⁶
1277 1347 1321 1412 Et
1353 1346 1409 1432 qui
1442 1347 1476 1412 in

242 1470 320 1531 agro
343 1469 407 1512 nou
436 1452 614 1513 reuertatur
648 1455 731 1513 retro
762 1448 873 1514 tollere
906 1447 1134 1514 uestimentum
1168 1471 1272 1513 suum.
1328 1449 1354 1487 1⁷
1407 1449 1479 1514 Ua'e

242 1560 352 1614 autem
374 1549 646 1635 pelegrinantibus
669 1559 702 1616 et
725 1549 938 1616 nutrientibus
961 1549 995 1614 in
1023 1549 1089 1615 illis
1121 1550 1240 1616 diebus.
1298 1550 1325 1589 ¹⁸
1379 1551 1477 1617 Orate

245 1673 321 1716 uero
343 1660 380 1718 ut
402 1675 464 1717 non
494 1653 572 1718 fiant
604 1652 719 1719 hieme.
767 1651 793 1690 ²⁹
836 1653 932 1718 Erint
962 1653 1047 1718 enim
1081 1651 1149 1718 dies
1183 1653 1231 1718 illi
1264 1653 1478 1721 tribulationis

246 1755 356 1839 quales
378 1776 443 1819 non
467 1753 597 1821 fuerunt
619 1757 658 1820 ab
680 1755 772 1821 initio
795 1779 814 1820 a
837 1763 980 1821 ereatura
1008 1778 1110 1840 usque
1133 1757 1225 1821 modo
1247 1777 1351 1841 neque
1385 1762 1478 1820 erunt

245 1863 316 1943 post
338 1857 424 1922 haec.
455 1855 498 1894 ’33
541 1857 586 1922 Et
608 1857 671 1924 nisi
692 1857 866 1923 breuiasset
889 1858 926 1922 ds
949 1858 1016 1923 dies
1038 1866 1166 1944 propter
1188 1857 1303 1924 eleetos
1325 1879 1398 1922 suos
1413 1881 1477 1922 non

246 1967 328 2025 esset
349 1957 432 2023 salui
455 1959 557 2024 omnis
590 1983 661 2027 earo
687 1960 742 2026 sed
769 1971 897 2047 propter
930 1965 1044 2026 electos
1080 1982 1158 2044 qnos
1192 1958 1289 2044 elegit
1321 1958 1477 2025 brobiauit

247 2061 323 2126 dies.
369 2061 394 2098 33
439 2061 484 2126 Ilt
506 2071 583 2128 tune
605 2062 631 2127 si
654 2063 724 2149 quis
746 2063 836 2129 uobis
858 2062 978 2128 dixerit
1000 2086 1072 2128 eooe
1093 2062 1147 2127 hie
1168 2067 1230 2146 xps
1251 2069 1303 2128 uel
1333 2061 1399 2127 illio
1424 2085 1476 2126 no·

246 2162 303 2229 lite
326 2164 460 2230 eredere·
507 2163 534 2201 33
577 2165 745 2249 Exurgent
767 2165 852 2230 enim
875 2165 1050 2252 pseudoxpi
1073 2173 1105 2230 et
1126 2165 1418 2251 pseudoprophetae
1445 2172 1478 2231 et

242 2267 367 2331 ⁴dabunt
379 2266 470 2352 signa
485 2274 517 2332 et
527 2267 670 2354 prodigia
685 2268 725 2333 ad
740 2268 957 2333 seducendum
968 2267 996 2332 si
1007 2274 1110 2354 potest
1121 2266 1190 2332 fieri
1201 2267 1300 2332 etiam
1311 2268 1435 2334 eleetos
1450 2265 1476 2304 33

247 2369 356 2435 uidete
379 2392 452 2436 eooe
474 2369 619 2456 praedixi
641 2371 731 2436 uobis
754 2370 869 2436 omnia.
884 2369 911 2407 ²⁴
922 2369 978 2436 sed
1000 2369 1033 2434 iu
1056 2369 1122 2435 illis
1147 2369 1257 2436 diebus
1286 2379 1357 2456 post
1382 2370 1478 2434 tribu-

247 2471 398 2537 lationem
422 2471 509 2537 illam
531 2478 576 2538 sol
606 2473 822 2538 obscurabitur
856 2479 888 2538 et
920 2472 997 2537 luna
1028 2495 1092 2537 non
1125 2471 1212 2538 dabit
1246 2478 1354 2537 lumen
1387 2496 1480 2537 suurn

242 2572 275 2612 ‘²⁵
288 2583 320 2640 et
341 2574 451 2639 stellae
473 2598 555 2661 qnae
577 2583 651 2641 sunt
672 2575 706 2641 in
730 2577 816 2646 eaelo
840 2586 934 2640 erunt
964 2575 1111 2640 uadentes
1144 2583 1177 2641 et
1209 2575 1345 2640 uirtutes
1379 2573 1477 2640 eaelo·

243 2701 318 2742 rum
340 2678 561 2743 mouebuntur.
608 2677 634 2716 33
677 2679 722 2744 Et
744 2687 820 2744 tuno
842 2677 998 2743 uidebnnt
1019 2677 1119 2742 filium
1142 2677 1280 2742 hominis
1295 2675 1479 2743 uenientem

243 2805 320 2846 ‹oum
342 2780 479 2844 nubibus
502 2804 572 2844 oum
596 2781 716 2846 uirtute
738 2786 837 2846 multa
860 2789 892 2845 et
917 2779 1026 2864 gloria.
1041 2777 1068 2817 33
1080 2792 1112 2844 et
1140 2787 1217 2846 tuno
1242 2779 1349 2846 mittet
1384 2801 1477 2863 ange·

248 2888 294 2948 los
316 2890 348 2948 et
369 2883 570 2968 congregabit
592 2883 708 2950 eleetos
730 2907 749 2947 a
771 2893 906 2969 quatuor
928 2881 1034 2948 uentis
1056 2907 1075 2947 a
1102 2881 1215 2947 ultimo
1244 2887 1346 2947 terrae
1377 2902 1478 2964 usque

244 2986 289 3050 >ad
312 3009 470 3050 summum
494 2987 661 3051 caelorum.
707 2984 734 3022 33
777 2986 811 3050 Α
833 2987 895 3052 fian
918 2995 1026 3050 autem
1048 2983 1162 3050 discite
1191 2984 1371 3070 parabolam
1406 3006 1479 3048 oum

249 3087 284 3153 ia
305 3111 411 3152 ramus
433 3087 502 3152 eius
525 3096 615 3153 tener
638 3089 734 3154 luerit
757 3097 789 3153 et
810 3087 887 3153 folia
914 3099 1087 3175 naseuntur
1118 3086 1305 3172 oognoaoitis
1338 3084 1413 3170 quia
1445 3084 1479 3149 in
1578 3148 1581 3153 .

250 3190 394 3277 proximo
418 3202 466 3256 est
487 3199 589 3256 aestas
602 3189 684 3257 ²⁹sie
708 3197 740 3256 et
761 3214 818 3257 uos
842 3215 914 3256 oum
936 3189 1082 3256 uideritis
1103 3191 1182 3256 haee
1204 3187 1311 3254 omnia
1332 3186 1402 3252 fieri
1424 3185 1480 3252 soi-

251 3299 316 3359 tote
343 3291 493 3377 quoniam
527 3293 561 3356 in
594 3293 737 3380 proximo
772 3293 813 3358 sit
843 3293 877 3358 in
911 3293 1024 3358 ianuis.
1077 3290 1105 3330 33
1148 3294 1256 3357 Arnen
1289 3290 1370 3356 dieo·
1391 3287 1481 3354 uobis

251 3396 335 3481 quod
357 3419 420 3460 non
442 3395 574 3460 transiet
596 3395 758 3480 generatio
781 3397 859 3460 haec
880 3395 981 3461 doneo
1003 3395 1110 3460 omnia
1132 3394 1193 3460 ista
1214 3394 1300 3458 fiant.
1339 3391 1366 3430 33
1405 3391 1482 3458 (lae

246 3499 318 3562 lum
341 3504 373 3564 et
394 3505 509 3562 terram
520 3501 554 3578 (Ι)
570 3498 749 3564 transibunt
764 3500 860 3564 uerba
872 3502 981 3564 autem
994 3521 1064 3562 mea
1080 3519 1144 3562 non
1161 3494 1388 3583 praeteribunt.
1402 3493 1429 3532 33
1440 3493 1479 3558 de

247 3599 303 3666 die
326 3607 431 3666 autem
454 3599 510 3664 illa
532 3600 584 3666 uel
607 3601 683 3665 hora
705 3624 798 3667 nemo
821 3600 880 3666 soit
908 3623 1012 3685 neque
1046 3598 1150 3684 angeli
1183 3598 1222 3664 de
1256 3597 1343 3663 eaelo
1377 3619 1481 3683 neque

247 3703 336 3768 ‘filius
358 3701 420 3767 nisi
442 3707 541 3788 pater.
586 3700 613 3740 33
656 3701 775 3769 Uidete
797 3703 906 3788 itaque
927 3703 1060 3788 uigilate
1082 3708 1114 3768 et
1136 3708 1222 3767 orate
1244 3699 1373 3767 nescitis
1405 3708 1482 3784 qua·

248 3805 291 3869 -do
314 3812 439 3890 tempus
462 3804 511 3870 sit.
559 3803 586 3842 ³⁴
630 3804 721 3872 Siout
743 3807 836 3870 homo
861 3805 917 3890 qui
939 3806 1065 3892 pelegre
1087 3803 1246 3890 protentus
1269 3802 1406 3888 reliquid
1428 3801 1481 3866 do·

250 3930 341 3970 mum
363 3929 452 3971 suam
475 3916 508 3972 et
530 3908 607 3972 dans
629 3907 729 3973 seruis
752 3907 817 3974 suis
842 3916 1030 3994 potestatem
1059 3906 1252 3993 unicuiquae
1280 3928 1360 3991 opus
1389 3925 1483 3970 suum

250 4018 286 4074 et
307 4009 435 4075 ianitori
457 4008 632 4095 praecipiat
660 4018 696 4076 ut
717 4009 836 4094 uigilet.
883 4008 911 4049 33
955 4009 1096 4095 Uigilate
1128 4032 1201 4094 ergo
1234 4007 1363 4074 nescitis
1398 4004 1483 4072 enim

255 4112 380 4196 quando
403 4110 512 4177 ueniat
534 4117 605 4176 dms
627 4113 738 4178 domus
759 4135 828 4178 sero
851 4138 870 4178 a
892 4112 996 4177 media
1025 4119 1117 4177 noete
1151 4135 1192 4176 an
1224 4109 1301 4196 galli
1336 4116 1431 4175 cantu
1465 4131 1484 4172 a

252 4238 347 4280 mane
359 4213 387 4252 33
398 4237 437 4279 ne
460 4238 532 4278 oum
554 4215 680 4284 uenerit
701 4223 831 4301 repente
853 4214 998 4280 inueniat
1012 4238 1069 4280 uos
1085 4214 1287 4281 dormientes.
1300 4211 1327 4251 ³⁷
1339 4234 1412 4278 eoae
1427 4234 1482 4275 au·

253 4327 320 4382 tem
343 4315 433 4382 uobis
456 4316 533 4382 dieo.
558 4317 698 4400 uigilata

339 4417 473 4484 XLIII.
506 4425 545 4497 (o.
578 4421 640 4497 14).
689 4421 699 4455 ¹
744 4421 824 4486 Erat
857 4427 964 4485 autem
996 4419 1104 4485 futura
1137 4419 1253 4506 paseha
1285 4417 1417 4482 biduum
1450 4418 1482 4480 et

255 4522 428 4607 querebant
449 4519 607 4607 prinsipes
629 4522 826 4590 sacerdotum
849 4533 882 4589 et
903 4523 1024 4588 scribae
1046 4522 1201 4608 quomodo
1235 4543 1308 4587 eum
1335 4518 1406 4584 dolo
1438 4525 1484 4582 te·

252 4629 331 4689 nerd
355 4628 386 4689 et
409 4621 594 4689 oooiderent.
610 4623 780 4690 ²dioebant
802 4625 887 4691 enim
903 4650 944 4692 ne
960 4625 994 4690 in
1009 4624 1060 4691 die
1075 4624 1156 4690 festo
1171 4623 1327 4689 tumultus
1348 4620 1485 4686 oriretur
