3467 5192
327 281 369 347 82
751 287 782 339 (o.
804 279 848 344 12)
873 279 1053 345 euangelium
1078 294 1133 333 aee.

326 458 418 516 nocte
441 455 588 536 repetunt
610 449 747 514 animam
771 459 858 514 tuam
882 473 901 514 a
923 456 955 514 te
977 473 1059 534 quae
1080 457 1186 515 antem
1210 449 1328 536 parasti
1347 449 1437 516 cuins
1453 459 1558 517 erunt.

327 552 410 618 ⁴¹sic
432 560 480 616 est
503 551 557 638 qui
579 551 639 617 sibi
661 551 855 617 tensanrizat
876 559 910 616 et
931 575 994 616 non
1017 559 1065 618 est
1087 551 1122 616 in
1143 553 1184 618 de
1200 552 1298 617 diues.
1345 550 1372 589 ⁴⁴
1415 554 1460 619 nt
1474 553 1557 619 dixit

326 657 365 722 ad
389 654 557 741 discipulos
579 676 652 720 suos
673 654 744 719 ideo
766 653 836 720 dieo
858 654 949 719 uobis
979 653 1078 719 nolite
1107 653 1224 720 soliciti
1255 677 1324 720 ease
1350 654 1478 720 animae
1504 680 1559 722 us-

326 765 408 824 strae
431 756 508 842 qnid
530 756 725 824 manducetis
748 779 851 838 neque
875 758 996 843 corpori
1019 756 1095 840 qnid
1117 757 1310 823 nestiamini.
1325 756 1470 822 ⁴³anima
1484 758 1559 843 plus

326 867 374 927 est
396 884 490 946 quam
515 882 586 926 esca
609 866 641 924 et
664 881 776 945 eorpus
793 860 865 944 plus
888 882 984 944 quam
999 859 1235 925 uestimentum.
1280 858 1308 897 ⁴⁴
1350 859 1557 926 Considerate

326 986 435 1030 coruos
458 962 533 1048 qnia
555 985 617 1027 non
641 967 797 1027 seminant
819 963 890 1048 neq'
914 967 1038 1027 metunt
1070 961 1183 1035 quibus
1216 986 1279 1027 non
1311 967 1359 1027 est
1391 962 1556 1028 cellarium

324 1089 429 1152 neque
451 1066 599 1130 horreum
622 1071 654 1129 et
676 1065 714 1128 dt
736 1063 837 1149 pascit
858 1063 949 1129 illum
962 1068 1000 1144 (l)
1024 1086 1128 1130 nonne
1143 1087 1203 1129 uos
1218 1065 1318 1150 pluris
1334 1064 1411 1129 estis
1431 1065 1552 1130 auibus.

324 1168 351 1208 ²⁵
396 1165 477 1253 Quis
500 1173 607 1232 autem
632 1173 772 1232 nestrum
797 1166 962 1253 cogitando
984 1173 1088 1253 potest
1102 1166 1226 1232 adicere
1240 1167 1279 1231 ad
1295 1172 1448 1233 staturam
1463 1190 1554 1232 suam

323 1272 465 1338 cubitum
479 1268 550 1334 ⁴⁶et
571 1269 611 1334 de
640 1268 752 1334 ceteris
786 1268 862 1354 quid
896 1268 1011 1335 soliciti
1046 1269 1130 1334 estis.
1177 1268 1204 1307 ⁴⁷
1248 1269 1453 1335 Considerate
1485 1269 1556 1334 lilia

322 1373 477 1460 quomodo
501 1371 608 1438 cresco
631 1395 693 1436 non
716 1372 860 1436 laborant
882 1396 944 1437 non
968 1378 1069 1437 neunt
1090 1395 1193 1458 neque
1224 1378 1338 1437 texunt
1366 1371 1436 1437 dieo
1462 1372 1556 1438 nobis

312 1476 471 1564 quoniam
494 1497 554 1540 nec
586 1474 726 1540 salomon
761 1473 794 1538 in
828 1474 913 1539 omni
946 1474 1046 1560 gloria
1078 1498 1135 1540 sua
1168 1475 1213 1540 sic
1245 1473 1440 1540 uestiebatur
1472 1473 1556 1541 sicut

321 1603 422 1644 unum
444 1602 484 1642 ex
506 1576 586 1648 istis,
631 1574 659 1614 ⁴⁸
702 1575 739 1642 Si
762 1599 835 1661 ergo
858 1576 965 1642 fenum
990 1577 1073 1662 quod
1101 1577 1196 1642 hodie
1228 1576 1262 1640 in
1295 1599 1406 1661 agrum
1440 1581 1488 1642 est
1520 1584 1553 1641 et

322 1704 389 1747 cras
412 1681 445 1744 in
469 1679 627 1744 olibanum
651 1677 789 1744 mittitur
811 1680 848 1744 da
871 1679 916 1744 sic
938 1679 1035 1745 uestit
1057 1687 1176 1765 quanto
1207 1679 1308 1765 magis
1333 1702 1390 1745 uos
1418 1678 1554 1743 minime

320 1783 404 1849 fidei.
421 1782 491 1848 ⁴⁴ct
514 1804 570 1847 uos
593 1781 692 1847 nolite
715 1805 846 1867 querere
869 1781 946 1866 quid
968 1781 1165 1848 manducetis
1193 1787 1249 1847 ant
1276 1781 1352 1866 qnid
1382 1780 1497 1846 bibatis
1519 1788 1556 1846 et

322 1885 422 1952 nolite
444 1884 572 1951 solliciti
595 1907 661 1949 esse
674 1881 790 1949 ³⁰haeo
814 1884 899 1950 enim
921 1892 1031 1968 gentes
1059 1883 1155 1949 huius
1183 1883 1294 1949 mundi
1321 1890 1467 1969 querunt.
1492 1882 1551 1948 seit

322 1994 426 2054 autem
450 1994 668 2074 paternoster
694 1986 841 2072 quoniam
873 1987 922 2051 his
956 1987 1121 2072 indagatis.
1135 1985 1392 2052 ⁴¹nerumtamen
1427 1983 1553 2069 querite

320 2115 453 2177 regnum
476 2091 509 2153 di
532 2091 663 2154 ethaeo
685 2089 791 2153 omnia
813 2088 1003 2154 adiicientur
1025 2091 1124 2154 uobis.

405 2194 499 2258 XLI.
547 2190 573 2228 ³⁴
593 2213 594 2216 ’
616 2191 726 2256 Nolite
748 2190 862 2256 timere
885 2191 1017 2276 pusillus
1042 2215 1120 2277 grex
1147 2191 1222 2277 quia
1254 2190 1434 2277 conplacuit
1466 2189 1550 2276 patri

320 2304 426 2362 uestro
449 2295 523 2360 dare
546 2293 636 2359 uobis
658 2317 800 2379 regnum.
847 2291 874 2330 ³⁴
917 2293 1058 2359 Uandite
1091 2317 1173 2378 quae
1205 2293 1378 2379 possedetis
1412 2298 1445 2358 et
1477 2293 1551 2358 date

319 2397 522 2465 elemosinam
545 2396 640 2462 facite
662 2396 753 2461 uobis
764 2397 922 2462 sacculum
933 2399 969 2477 (l)
983 2396 1038 2483 qni
1049 2420 1113 2462 non
1125 2402 1327 2462 ueteresaunt
1341 2397 1550 2462 thensaurum

319 2525 382 2567 non
406 2499 605 2566 deficientem
629 2500 663 2563 in
686 2499 762 2564 celis
785 2522 847 2583 qno
868 2498 921 2563 fur
944 2523 1007 2563 non
1030 2499 1210 2586 adpropriet
1238 2522 1343 2586 neque
1371 2503 1458 2564 tinea
1486 2522 1548 2564 cor-

318 2605 446 2689 rumpit.
462 2601 570 2666 ³⁴nam
594 2601 648 2667 ubi
672 2607 719 2667 est
742 2609 909 2667 tensaurus
936 2612 1042 2668 nester
1074 2603 1118 2666 ibi
1153 2602 1212 2668 erit
1246 2608 1278 2667 et
1310 2625 1362 2667 cor
1395 2608 1548 2666 uestrum,

319 2706 347 2746 ³⁵
391 2705 464 2772 Sint
485 2703 585 2768 lumbi
608 2703 706 2769 uestri
730 2703 865 2770 adcincti
888 2712 922 2769 et
943 2706 1071 2770 lucerne
1093 2705 1239 2770 ardentes
1261 2705 1295 2768 in
1317 2703 1463 2768 manibus
1492 2727 1545 2768 ue-

317 2809 390 2875 stris
400 2806 428 2846 ³⁶
439 2813 471 2872 et
493 2829 550 2871 uos
572 2805 691 2871 similes
713 2806 895 2872 hominibus
918 2808 1158 2893 expectantibus
1187 2806 1260 2871 dom
1294 2830 1385 2871 sunm
1421 2807 1548 2891 quando

316 2915 494 2975 reuertatur
517 2932 535 2972 a
557 2908 677 2994 nuptiis
700 2915 737 2974 ut
760 2910 979 2975 cnm-uenerit
1006 2918 1039 2975 et
1067 2909 1242 2996 pulsauerit
1276 2908 1443 2974 confestim
1477 2931 1547 2994 ape

316 3011 406 3078 riatis
429 3011 467 3077 ei.
481 3009 508 3049 ³⁷
519 3009 604 3076 beati
627 3010 711 3077 serui
734 3011 780 3075 illi
797 3035 962 3098 quoscum
977 3011 1103 3077 uenerit
1120 3013 1190 3076 dns
1209 3011 1368 3077 inuenerit
1387 3011 1499 3096 nigila(
1522 3015 1546 3092 >-

316 3123 363 3182 tes
387 3138 479 3180 amen
503 3113 572 3179 dico
594 3114 684 3179 uobis
707 3115 790 3198 quod
812 3115 975 3201 precinget
996 3138 1030 3180 se
1052 3120 1085 3180 et
1106 3113 1228 3180 iubebit
1249 3114 1320 3179 illos
1348 3113 1546 3181 discumbere

316 3226 349 3283 et
370 3215 526 3282 transiens
549 3227 581 3281 et
603 3216 798 3281 ministrauit
820 3216 892 3282 illis.
906 3216 934 3255 ³⁸
945 3225 977 3282 et
1002 3218 1029 3282 si
1063 3217 1188 3283 uenerit
1219 3216 1401 3302 uespertina
1433 3217 1545 3302 uigilia

316 3328 347 3386 et
380 3319 426 3384 ita
462 3318 621 3383 inuenerit
653 3319 738 3384 beati
775 3327 849 3385 sunt
890 3319 965 3405 quia
1000 3319 1123 3384 iubebit
1166 3319 1236 3384 illos
1280 3319 1478 3386 discumbere
1514 3326 1546 3383 et

315 3421 448 3488 transiet
480 3427 513 3485 et
545 3419 736 3487 ministrabit
772 3422 820 3487 eis
853 3428 885 3488 et
917 3422 945 3487 si
967 3422 1106 3487 secunda
1128 3428 1161 3486 et
1182 3421 1209 3486 si
1231 3423 1326 3488 tertia
1348 3423 1433 3487 beati
1459 3428 1542 3487 sunt.

314 3525 342 3564 ³⁹
352 3524 430 3590 illud
452 3530 557 3588 antem
592 3523 702 3589 scitote
734 3523 808 3608 quia
842 3524 870 3588 si
901 3524 996 3591 sciret
1027 3523 1255 3610 paterfamilias
1286 3547 1349 3609 qua
1380 3526 1459 3590 hora
1492 3523 1544 3588 fur

313 3631 404 3694 uenit
426 3625 573 3710 uigilaret
595 3634 626 3691 et
647 3650 711 3690 non
734 3626 852 3691 sineret
875 3626 1025 3712 perfodiri
1048 3628 1175 3692 domum
1199 3650 1297 3692 suam.
1342 3626 1371 3664 ⁴⁰
1414 3628 1458 3691 lat
1487 3649 1544 3692 uos

314 3735 415 3796 estote
437 3727 538 3814 parati
561 3727 637 3814 quia
659 3751 721 3814 qua
742 3731 820 3793 hora
849 3754 911 3794 non
947 3731 1066 3815 putat-is
1100 3729 1185 3795 filius
1219 3729 1356 3795 bominis
1389 3739 1545 3794 uenturus

313 3837 370 3898 est.
415 3831 439 3869 ⁴¹
487 3829 548 3894 Ait
570 3837 674 3896 autem
698 3839 806 3918 petrus
830 3832 893 3896 dne
915 3833 953 3896 ad
978 3856 1034 3897 nos
1053 3832 1131 3897 dicis
1147 3833 1230 3898 hanc
1244 3831 1487 3897 similitudinem
1502 3855 1542 3896 an

312 3943 344 4000 et
366 3935 405 3999 ad
428 3956 545 3998 omnes.
590 3932 618 3970 ⁴⁴
661 3935 705 3997 Et
728 3934 810 4000 dixit
832 3934 902 3997 dms
924 3934 996 4019 quis
1020 3943 1068 4000 est
1088 3935 1190 4000 fidelis
1213 3933 1410 4020 dispensator
1424 3953 1457 3999 et
1471 3958 1542 4021 pru·

311 4038 387 4102 dens
411 4058 505 4120 quem
529 4035 693 4101 constituit
714 4037 784 4100 dms
807 4059 902 4122 super
924 4037 1077 4102 familiam
1103 4061 1190 4102 suam
1213 4043 1250 4102 nt
1269 4038 1323 4102 det
1337 4037 1399 4102 illis
1415 4037 1449 4101 in
1465 4047 1543 4101 tem-

309 4161 385 4224 pore
407 4136 506 4202 tritici
528 4149 685 4203 mensura.
730 4136 758 4175 ⁴³
802 4141 922 4205 Beatus
954 4140 1005 4203 ille
1039 4162 1150 4204 seruus
1184 4161 1277 4224 quern
1310 4163 1382 4205 cum
1415 4139 1542 4204 uenerit

309 4240 455 4305 dominus
488 4239 632 4306 inueniet
665 4241 709 4306 ita
744 4241 920 4307 facientem.
966 4240 995 4278 ⁴⁴
1040 4241 1124 4306 Uere
1158 4241 1227 4306 dieo
1261 4242 1352 4307 uobis
1388 4242 1542 4327 quoniam

308 4366 405 4430 supra
426 4342 531 4407 omnia
553 4366 634 4426 quae
657 4343 796 4428 possidet
819 4343 988 4409 constituet
1016 4343 1116 4407 illum.
1162 4342 1191 4382 ⁴⁶
1235 4343 1328 4428 Quod
1362 4345 1388 4408 si
1418 4344 1541 4428 dixerit

308 4468 420 4511 seruus
442 4445 497 4508 ille
520 4444 553 4507 in
576 4446 668 4510 corde
692 4469 748 4510 suo
772 4445 889 4511 dicens.
913 4469 1031 4511 moram
1056 4446 1133 4512 facit
1154 4447 1226 4512 dant
1255 4471 1344 4512 mens
1366 4446 1479 4513 uenire
1508 4455 1541 4513 et

307 4547 445 4633 coeperit
468 4552 630 4632 percutere
653 4571 760 4612 seruos
784 4556 816 4612 et
838 4549 966 4613 ancillas
990 4557 1022 4614 et
1044 4550 1135 4615 edere
1158 4557 1191 4615 et
1211 4550 1318 4615 bibere
1341 4558 1373 4614 et
1388 4549 1539 4616 inebriari

307 4649 455 4714 ⁴6ueniet
484 4649 554 4712 dmi
585 4649 670 4715 serui
703 4649 789 4715 illins
816 4650 849 4715 in
884 4651 936 4716 die
968 4675 1029 4736 qna
1061 4676 1124 4717 non
1159 4660 1264 4739 sperat
1297 4660 1329 4717 et
1361 4654 1439 4717 hora
1476 4676 1539 4737 qua
