3467 5192
303 259 347 321 64
697 304 699 308 .
738 259 775 323 (1.
796 261 821 320 2)
840 259 1021 325 euangelium
1039 275 1095 312 sec.

299 425 495 493 audiuerant
517 435 549 494 et
571 428 716 493 uiderant
738 429 820 494 sicut
841 429 926 495 diota
948 436 1023 495 sunt
1045 431 1085 496 ad
1107 430 1186 498 illos.
1233 431 1258 468 ²¹
1304 433 1348 496 Et
1365 443 1531 518 postquam

301 530 516 596 consummati
538 537 614 596 sunt
636 531 703 596 dies
725 539 794 597 octo
817 541 853 596 ut
875 532 1154 599 circumcideretur
1177 536 1277 620 [puer]
1308 541 1457 606 uocatum
1486 543 1533 600 est

302 657 419 697 nomen
442 633 511 698 eius
534 633 585 697 ihs
611 634 693 717 quod
716 640 863 699 uocatum
887 643 936 700 est
957 637 996 700 ab
1018 636 1130 721 angelo
1163 635 1347 722 priusquam
1367 637 1414 701 'in
1443 645 1532 704 utero

300 735 529 820 conciperetur.

389 837 454 902 ΠΙ.
501 837 528 874 ²²
571 838 615 902 Et
637 845 801 924 postquam
826 839 937 926 inpleti
964 850 1039 905 sunt
1065 841 1132 906 dies
1165 841 1362 927 purgationis
1387 842 1457 907 eius
1485 866 1531 908 se·

303 939 443 1004 cundum
465 941 567 1025 legem
582 941 691 1025 'moysi
716 947 857 1006 tulerunt
878 942 969 1006 illum
992 941 1024 1006 in
1048 942 1238 1008 hierusalem
1262 958 1298 1009 ut
1319 969 1391 1009 eum
1419 951 1533 1010 statue·

300 1040 603 1108 1·enrdmo2³sieut
625 1042 776 1130 scriptum
800 1050 848 1109 est
870 1044 903 1108 in
926 1045 1029 1128 legem
1052 1046 1106 1109 dni
1129 1045 1204 1130 quia
1226 1070 1336 1112 omnes
1357 1048 1530 1112 masculum

306 1143 906 1230 111111111111111111111111111111ηά1ῃὸ
933 1147 1098 1213 uocabitur
1110 1146 1138 1184 ²⁴
1148 1158 1180 1213 et
1216 1154 1251 1214 ut
1283 1149 1396 1214 darent
1428 1151 1532 1215 hostia

304 1247 480 1312 secundum
503 1248 586 1333 quod
609 1248 728 1313 dietum
757 1258 804 1314 est
830 1248 864 1314 in
898 1250 967 1333 lege
1000 1250 1054 1314 dni
1088 1273 1144 1337 par
1176 1260 1334 1316 turturum
1368 1263 1424 1318 aut
1454 1254 1532 1319 duos

303 1350 405 1435 pullos
429 1349 641 1415 conlribarum.
688 1349 714 1389 ²⁵
760 1353 804 1416 Et
826 1375 898 1417 ecoe
920 1353 1015 1416 homo
1037 1365 1106 1417 erat
1127 1353 1160 1417 in
1183 1355 1372 1418 hierusalem
1401 1355 1452 1422 cui
1480 1380 1533 1420 uo·

303 1476 375 1517 men
400 1453 520 1518 simeon
544 1454 691 1517 ethome
715 1453 774 1517 iste
797 1453 899 1518 iustus
922 1460 990 1519 erat
1012 1463 1044 1520 et
1071 1455 1236 1520 timoratus
1263 1466 1434 1542 expectans
1463 1481 1531 1524 con·

298 1555 485 1620 solationem
509 1554 636 1620 istrahel
662 1563 693 1620 et
714 1560 768 1641 sps
791 1560 840 1620 sos
862 1557 983 1622 eratin
1005 1581 1051 1622 eo.
1066 1556 1093 1595 ²⁶
1111 1581 1295 1643 responsum
1317 1569 1422 1624 autem
1446 1561 1530 1625 adee-

301 1666 432 1742 perata
454 1657 512 1743 spii
536 1661 588 1722 seb
611 1681 673 1722 non
697 1657 838 1722 uisurum
863 1681 896 1723 se
926 1668 1057 1724 mortem
1086 1661 1148 1725 nisi
1175 1661 1263 1747 prius
1297 1662 1421 1726 uideret
1454 1674 1528 1749 xpm

299 1758 460 1824 -d1'1'1i.²⁷et
483 1761 573 1826 uenit
595 1761 627 1824 in
657 1761 715 1847 epti
743 1761 776 1825 in
809 1766 972 1847 templum.
1008 1772 1040 1826 11
1072 1787 1142 1828 cum
1177 1762 1364 1829 inducerent
1397 1789 1528 1849 puerum

300 1861 369 1925 ihm
393 1861 425 1926 iu
449 1864 602 1950 templum
627 1871 772 1950 parentes
797 1865 864 1928 eius
889 1874 922 1928 111
951 1864 1091 1929 facerent
1123 1866 1296 1930 seeundum
1331 1869 1529 1933 consuetudi-

303 1987 374 2027 nem
400 1965 477 2048 legis
499 1989 556 2051 pro
578 1990 615 2030 eo
629 1964 656 2002 ²⁸
668 1973 700 2031 et
721 1965 789 2052 ipse
812 1967 937 2053 adoepit
959 1991 1030 2032 eum
1064 1969 1109 2045 [in
1135 1969 1227 2032 ulnas
1260 1974 1343 2046 suas]
1377 1980 1409 2033 et
1441 1971 1532 2034 bene-

302 2065 387 2131 dixit
410 2067 527 2150 (d)eum
551 2077 583 2132 et
605 2067 688 2132 dixit
700 2066 727 2104 ²⁹
740 2092 822 2132 nunc
845 2068 980 2134 dimittis
1003 2093 1128 2133 seruum
1153 2082 1243 2134 tuum
1266 2071 1329 2135 dire
1359 2074 1529 2136 secundum

303 2169 434 2232 uerbum
466 2177 556 2234 tuum
590 2171 621 2234 in
657 2193 735 2256 pace
747 2169 775 2208 ³⁰
786 2171 935 2255 quoniam
968 2171 1118 2236 uiderunt
1150 2173 1232 2237 oculi
1265 2173 1327 2236 mei
1360 2175 1529 2239 salutarem

302 2279 393 2336 tuum
408 2269 530 2357 31quod
552 2273 668 2358 parasti
691 2280 764 2338 ante
791 2273 905 2339 faciem
934 2274 1073 2339 omnium
1101 2277 1297 2361 populorum.
1312 2275 1339 2313 ³²
1350 2279 1459 2341 lumen
1491 2277 1531 2341 ad

302 2374 529 2440 reuelationem
552 2376 694 2460 gentium
719 2384 750 2441 et
771 2376 904 2461 gloriam
927 2375 1027 2462 plebis
1050 2388 1123 2442 tuae
1146 2377 1284 2442 istrahel.
1297 2376 1323 2414 ³³
1336 2389 1368 2444 et
1393 2388 1461 2444 erat
1488 2378 1529 2443 io-

303 2478 381 2562 seph
407 2478 506 2563 [pater
528 2478 608 2556 eius]
631 2484 663 2543 et
686 2487 785 2542 mater
807 2479 877 2542 eius
899 2479 1049 2543 mirantes
1075 2503 1170 2565 super
1195 2480 1245 2545 his
1266 2505 1326 2565 que
1348 2481 1530 2548 dicebantur

299 2579 341 2644 de
363 2579 427 2643 illo.
472 2578 500 2616 ³⁴
544 2583 586 2645 Et
608 2579 771 2645 benedixit
793 2580 857 2645 illis
879 2582 999 2645 simeon
1024 2591 1055 2645 et
1078 2581 1160 2646 dixit
1181 2583 1219 2647 ad
1244 2584 1373 2647 mariam
1397 2592 1527 2650 matrem

299 2679 379 2746 eius.
402 2703 475 2746 ecoe
497 2683 617 2767 positus
640 2691 687 2746 est
709 2682 761 2747 hic
784 2683 817 2747 in
840 2684 963 2746 ruinam
989 2695 1020 2747 et
1031 2685 1291 2758 resurrectionem
1308 2686 1479 2750 multorum
1496 2687 1528 2750 in

302 2782 433 2847 istrahel
456 2790 488 2847 et
509 2784 542 2846 in
565 2784 690 2867 signum
714 2785 798 2870 quod
820 2785 1052 2851 contradicetur
1065 2785 1091 2824 ³⁵
1103 2795 1135 2851 et
1157 2796 1245 2852 tuam
1268 2787 1367 2873 ipsius
1390 2789 1525 2853 animam

302 2889 492 2971 pertransiet
514 2885 637 2968 gladius
663 2895 699 2950 ut
727 2888 911 2952 recolantur
939 2889 1108 2952 multorum
1138 2889 1280 2953 cordium
1314 2889 1527 2974 cogitationes.

300 2986 331 3025 ³⁶
374 2989 418 3052 Et
440 2997 508 3053 erat
530 3012 612 3054 anna
634 2989 801 3074 profetissa
823 2990 889 3053 filia
911 2989 1020 3054 fanuel
1042 2992 1080 3054 de
1102 2991 1186 3055 tribu
1209 3015 1279 3056 aser
1304 2993 1382 3057 haec
1408 3015 1529 3077 prooes-

301 3099 386 3155 serat
408 3089 442 3154 in
465 3090 575 3155 diebus
598 3092 706 3158 multis
729 3117 791 3178 que
813 3092 898 3156 uixit
931 3115 1030 3157 annos
1052 3117 1122 3158 cum
1146 3093 1215 3156 uiro
1238 3117 1294 3158 suo
1317 3100 1406 3180 septb
1428 3119 1448 3158 a
1470 3093 1529 3158 uir·

300 3192 435 3277 ginitate
459 3217 524 3258 sua.
538 3193 564 3232 ³⁷
577 3203 608 3259 et
630 3195 709 3259 haec
731 3194 828 3259 uidua
851 3217 1004 3258 annorum
1028 3195 1246 3260 LXXXIHI
1277 3219 1359 3280 quae
1382 3221 1446 3262 non
1462 3197 1529 3262 des·

299 3295 431 3358 cedebat
463 3296 501 3360 de
529 3303 644 3381 templo
672 3296 801 3362 ieiuniis
831 3312 861 3359 et
890 3297 1155 3361 obsecrationibus
1188 3299 1331 3363 seruiens
1364 3306 1457 3365 nocte
1492 3321 1528 3362 ac

303 3394 431 3476 (11111111)
444 3394 471 3433 ³⁸
484 3403 515 3462 et
536 3398 614 3462 haec
637 3398 704 3484 ipsa
727 3400 803 3462 hora
825 3409 910 3462 stans
935 3399 1184 3484 [superueniens]
1197 3402 1402 3466 confitebatur
1418 3401 1480 3466 dnb
1499 3410 1531 3469 et

300 3499 487 3583 loquebatur
509 3499 547 3563 de
570 3499 623 3564 illo
647 3500 791 3565 omnibus
816 3500 871 3583 qui
895 3502 1130 3586 expectaba(n)t
1153 3502 1401 3586 redemptionem
1423 3505 1528 3570 hieru·

302 3601 410 3666 salem.
456 3599 483 3637 ³⁹
527 3603 570 3665 Et
592 3612 627 3666 ut
649 3602 850 3688 perfecerunt
873 3603 979 3666 omnia
1008 3604 1180 3668 seeundum
1208 3611 1277 3687 lege
1312 3604 1378 3668 dmi
1410 3607 1530 3672 reuersi

303 3711 377 3768 sunt
399 3704 432 3768 in
453 3704 619 3788 galilaeam
642 3705 676 3769 in
706 3705 867 3769 ciuitatem
905 3729 992 3769 suam
1028 3708 1185 3770 nazareth.
1231 3705 1260 3742 ⁴⁰
1304 3709 1391 3771 Puer
1423 3720 1529 3774 autem

300 3804 537 3871 confortabatur
560 3819 592 3870 11
614 3809 771 3871 crescebat
800 3815 833 3872 et
865 3807 1043 3892 inplebatur
1075 3807 1263 3892 sapientiam
1298 3820 1330 3874 et
1362 3810 1465 3892 gratia
1498 3813 1530 3876 di

301 3909 425 3973 eratin
448 3908 510 3971 illc.
555 3907 581 3944 ⁴¹
626 3909 670 3972 Et
692 3908 780 3973 ibant
802 3909 912 3994 ioseph
935 3921 965 3973 11
995 3910 1094 3973 maria
1116 3924 1218 3974 mater
1239 3911 1307 3975 eius
1333 3934 1389 3996 per
1420 3935 1531 3979 omnes

299 4033 400 4074 annos
423 4010 456 4074 in
479 4010 669 4075 hierusalem
691 4011 723 4075 in
747 4011 798 4075 die
820 4011 952 4076 solemni
976 4012 1118 4096 paschae.

387 4111 448 4180 IV.
493 4110 520 4147 ⁴2
563 4113 607 4176 Et
629 4135 698 4178 cum
722 4112 823 4179 faetus
840 4119 922 4178 esset
937 4114 988 4178 ihs
1006 4136 1160 4178 annorum
1175 4114 1250 4178 XII
1268 4126 1300 4180 et
1316 4117 1531 4184 ascendissent

302 4213 335 4276 in
347 4213 536 4278 hierusalem
555 4215 726 4279 secundum
748 4215 1010 4281 consuetudinem
1029 4215 1092 4280 diei
1115 4215 1187 4280 festi
1200 4215 1227 4253 ⁴³
1239 4220 1530 4303 consummatisque

303 4315 412 4382 diebus
424 4340 493 4381 cum
508 4317 647 4381 redirent
659 4318 810 4383 remansit
821 4319 873 4382 ihs
895 4342 974 4403 puer
989 4318 1022 4381 in
1041 4319 1232 4382 hierusalem
1250 4333 1281 4384 et
1295 4343 1358 4384 non
1381 4321 1530 4404 cognouit

304 4424 460 4504 [parentes
476 4418 555 4497 eius]
571 4421 669 4499 11111)
692 4431 724 4483 et
742 4430 842 4484 mater
854 4421 932 4484 eius.
946 4418 1203 4485 “existimantes
1217 4422 1344 4503 [autem]
1358 4421 1449 4485 illum
1461 4445 1530 4487 esse

302 4543 375 4586 cum
399 4520 541 4586 comitari
551 4524 582 4605 (l)
607 4532 638 4586 et
649 4533 807 4586 uenerunt
818 4521 879 4587 iter
890 4521 954 4587 diei
966 4527 998 4586 et
1012 4522 1214 4606 requirebant
1229 4547 1302 4588 eum
1317 4524 1400 4588 inter
1421 4547 1531 4608 cogna-

303 4631 351 4686 tos
374 4631 406 4687 et
427 4632 524 4688 notos.
539 4623 610 4688 4511
631 4647 694 4687 non
718 4624 916 4688 inuenientes
939 4649 1011 4690 eum
1034 4625 1167 4710 regressi
1190 4634 1263 4690 sunt
1284 4625 1317 4688 in
1339 4625 1530 4692 hierusalem
