3467 5192
297 266 338 330 18
725 262 762 328 (c.
781 265 827 331 23)
847 263 1028 329 euangelium
1045 279 1102 318 seo.

294 417 589 518 *adligant‘autem
612 435 732 499 honera
753 432 864 520 grauia
888 439 931 513 [et
952 433 1176 520 importabilia]
1202 440 1234 500 et
1256 434 1415 521 inponunt
1429 458 1524 522 supra

294 539 441 602 humeros
463 535 628 601 homiuum
653 535 752 622 digito
775 544 881 602 autem
905 560 961 603 suo
983 538 1096 604 nolunt
1126 561 1164 602 ea
1193 561 1330 603 mouere.
1365 537 1378 576 ⁵
1407 537 1525 604 Omnia

294 663 367 726 ergo
390 662 484 726 opera
506 662 563 705 sua
584 637 705 705 faciunt
727 644 763 704 ut
790 639 960 705 uideantur
987 641 1025 704 ab
1055 639 1245 704 hominibus.
1281 639 1415 706 dilatant
1439 641 1524 707 enim

293 741 445 808 filacteria
470 765 527 808 sua
559 747 592 806 et
625 741 826 826 magnificant
858 741 998 807 fimbrias
1031 740 1291 807 uestimentorum
1327 766 1465 808 suorum.
1512 745 1524 782 ⁶

295 846 418 910 Amant
439 849 545 909 autem
565 851 598 909 et
613 843 749 930 primum
770 844 947 910 recubitum
960 843 995 908 iu
1006 843 1164 908 conuiuiis
1180 851 1212 909 θῖ
1227 845 1345 931 primas
1359 846 1523 912 cathedras

293 948 328 1012 in
350 945 517 1032 sinagogis.
544 945 555 984 ⁷
582 946 627 1013 Et
659 946 864 1012 salutationes
898 946 933 1010 iu
965 946 1032 1011 foro
1067 951 1098 1012 et
1131 946 1237 1012 uocari
1270 949 1309 1012 ab
1342 948 1522 1014 hominibus

293 1049 392 1115 rabbi.
417 1047 430 1085 ⁸
454 1048 519 1114 Uos
542 1055 649 1114 autem
671 1048 769 1114 nolite
791 1050 899 1114 uocari
921 1047 1018 1113 rabbi.
1063 1050 1155 1115 Unus
1184 1056 1232 1114 θεῖ
1260 1048 1344 1115 onim
1375 1051 1523 1136 magister

292 1158 398 1218 uester
419 1174 529 1218 omnes
551 1157 658 1216 autem
682 1174 739 1216 uos
763 1151 875 1217 fratres
898 1149 1043 1217 astis⁹et
1064 1158 1185 1237 patrem
1207 1151 1306 1217 nolite
1334 1176 1448 1218 uocare
1470 1176 1521 1218 uo·

290 1255 339 1322 bis
363 1278 458 1341 super
480 1261 605 1320 terram.
629 1276 712 1319 unus
736 1261 783 1320 θεῖ
806 1252 890 1318 enim
917 1258 1007 1340 pater
1038 1259 1144 1318 uester
1165 1255 1221 1338 qui
1243 1254 1277 1318 in
1300 1255 1376 1320 celis
1405 1263 1461 1321 est.
1496 1253 1523 1292 ¹⁰

290 1359 324 1424 N
326 1382 362 1425 ec
383 1355 543 1423 uocemini
565 1355 709 1441 magistri
731 1356 807 1441 quia
836 1357 988 1441 magister
1017 1364 1124 1421 uester
1152 1380 1234 1422 unus
1264 1364 1314 1424 est
1342 1363 1403 1445 xps
1422 1356 1447 1394 ¹¹
1466 1357 1520 1444 qni

291 1460 392 1526 maior
413 1466 461 1524 est
483 1466 624 1525 uestrum
648 1457 708 1524 orit
729 1463 836 1524 uester
859 1458 1015 1524 minister.
1057 1457 1084 1494 ¹⁸
1116 1458 1320 1544 Quicumque
1349 1464 1456 1525 autem
1485 1483 1520 1525 εθ

291 1561 482 1628 exaltauerit
502 1560 724 1627 humiliabitur
746 1568 777 1627 et
800 1561 855 1647 qui
877 1585 911 1626 εθ
932 1560 1152 1626 humiliauerit
1174 1552 1374 1629 exaltabitur.

375 1664 503 1731 LXVI.
529 1663 556 1700 ¹³
586 1664 653 1730 Uae
687 1669 794 1729 autem
827 1663 918 1728 uobis
951 1664 1072 1729 scribae
1105 1669 1138 1729 et
1170 1664 1328 1750 pharisaei
1357 1665 1520 1752 hypocrite

293 1767 368 1853 quia
390 1765 517 1834 eluditis
539 1789 671 1851 reguum
694 1765 852 1831 caelorum
877 1772 950 1832 aute
971 1766 1118 1831 homines
1139 1790 1196 1832 uos
1219 1773 1324 1832 autem
1348 1791 1411 1832 uon
1426 1769 1519 1833 iutra·

291 1870 333 1936 tis
355 1893 414 1936 nec
436 1868 632 1934 introeuntes
654 1869 759 1936 sinitis
782 1871 909 1936 intrare.
935 1868 962 1905 ¹⁴
992 1871 1061 1936 Uae
1091 1869 1181 1935 uobis
1209 1871 1330 1936 scribae
1357 1875 1389 1935 et
1418 1870 1519 1956 phari·

291 1972 357 2038 saei
388 1971 572 2058 hypocritae
605 1972 752 2056 quoniam
783 1971 946 2038 comeditis
969 1973 1076 2038 domos
1094 1971 1262 2037 uiduarum
1285 1971 1471 2039 occansione
1483 1976 1518 2054 (l)

290 2075 384 2161 longa
406 2080 530 2139 orantes
552 2079 679 2160 propter
701 2076 759 2139 hoo
782 2073 946 2161 adcipietis
969 2074 1105 2160 amplius
1127 2073 1289 2140 iudicium.
1319 2074 1346 2114 ¹⁵
1376 2076 1445 2142 Uae
1467 2099 1520 2140 uo-

291 2177 339 2243 bis
362 2177 481 2242 soribae
505 2184 536 2242 θῖ
557 2176 716 2262 pharisaei
738 2177 903 2263 hypocrite
927 2177 1000 2262 quia
1024 2176 1163 2242 circuitis
1186 2201 1272 2242 mare
1294 2184 1327 2243 et
1348 2179 1466 2243 aridam
1483 2185 1519 2242 ut

291 2304 389 2345 unum
420 2278 598 2366 prosilitum
629 2277 752 2346 faciatis
775 2287 807 2344 θῖ
830 2303 903 2345 oum
925 2279 1024 2345 fuerit
1045 2279 1147 2346 factus
1175 2279 1279 2346 facitis
1311 2305 1383 2346 eum
1415 2280 1516 2346 filium

289 2383 434 2469 gehenne
446 2381 541 2468 duplo
552 2405 647 2468 quam
659 2405 725 2448 uos.
741 2381 768 2420 ¹⁶
780 2382 848 2447 Uae
860 2382 951 2448 uobis
962 2382 1058 2447 duces
1071 2381 1154 2448 caeci
1167 2381 1222 2466 qui
1241 2381 1354 2449 dicitis.
1375 2381 1517 2468 quiqum·

289 2509 351 2571 que
366 2485 520 2551 iurauerit
541 2483 574 2549 iu
590 2487 744 2571 templum
752 2485 838 2549 >nihil
851 2492 897 2551 θεῖ
917 2485 973 2570 qui
989 2491 1096 2550 autem
1117 2484 1270 2550 iurauerit
1287 2485 1319 2549 in
1341 2509 1417 2550 auro
1439 2486 1519 2572 tepli

289 2588 411 2654 debitor
432 2593 488 2654 est.
514 2584 540 2626 ¹⁷
562 2587 661 2654 Stulti
683 2593 715 2653 et
729 2588 811 2653 caeci
828 2587 905 2673 quid
921 2589 974 2652 eni
988 2587 1091 2652 maius
1106 2595 1153 2653 θεῖ
1168 2612 1280 2652 aurum
1296 2596 1352 2652 aut
1363 2588 1516 2674 ternplum

289 2691 373 2776 quod
395 2690 567 2757 sanctificat
589 2713 709 2756 aurum.
735 2689 762 2727 ¹⁸
784 2691 827 2755 Elt
849 2689 1041 2776 quicumque
1064 2689 1217 2756 iurauerit
1244 2690 1278 2754 in
1307 2691 1406 2756 altare
1436 2690 1516 2755 nihil

289 2799 337 2858 θεῖ
358 2793 412 2858 sed
436 2791 628 2879 quicumque
650 2793 803 2858 iurauerit
825 2793 857 2857 in
882 2793 963 2857 douo
986 2793 1069 2876 quod
1093 2801 1256 2879 estsuper
1285 2792 1364 2857 illud
1395 2793 1518 2858 debitor

289 2902 344 2962 θεῖ.
359 2894 481 2961 19θεθθὶ
505 2896 581 2981 quid
604 2897 655 2963 ani
677 2895 779 2962 maius
799 2901 847 2960 θεῖ
875 2897 992 2959 donum
1021 2902 1076 2960 aut
1104 2897 1203 2960 altare
1230 2896 1314 2980 quod
1345 2896 1519 2961 sanctificat

288 2997 419 3064 altarem
432 3001 468 3078 (l)
492 2996 520 3035 ²⁰
540 2997 595 3082 qui
626 3021 699 3082 ergo
732 2996 888 3063 iurauerit
919 2997 954 3061 iu
989 2998 1120 3063 altarem
1159 2998 1245 3063 iurat
1277 2997 1310 3062 in
1344 3020 1381 3064 eo
1417 3004 1449 3064 et
1481 2997 1515 3063 in

288 3099 433 3166 omnibus
455 3124 517 3186 que
539 3122 634 3187 super
655 3100 733 3165 illud
759 3101 853 3183 [suut]
869 3099 939 3165 21θῖ
962 3100 1017 3186 qui
1039 3100 1194 3166 iurauerit
1222 3100 1257 3165 in
1285 3100 1403 3187 templo
1433 3101 1516 3166 iurat

287 3201 320 3266 in
343 3202 398 3268 illo
421 3208 453 3269 et
476 3203 532 3288 qui
553 3202 676 3268 habitat
698 3203 732 3266 iu
755 3203 822 3288 ipso
835 3201 906 3268 ²²et
927 3202 984 3288 qui
1006 3203 1089 3267 iurat
1112 3202 1145 3266 in
1168 3204 1254 3268 caelo
1276 3203 1360 3268 iurat
1376 3202 1409 3267 in
1425 3210 1515 3270 trono

287 3305 319 3369 di
342 3311 374 3370 θῖ
397 3305 431 3368 in
454 3328 490 3370 eo
514 3305 568 3390 qui
591 3305 679 3371 sedet
701 3328 795 3391 super
817 3303 930 3391 ipsum.
956 3302 982 3341 ²⁸
1005 3306 1075 3370 Uae
1097 3304 1187 3370 uobis
1209 3307 1330 3371 scribae
1353 3311 1385 3370 et
1413 3305 1515 3393 phari·

286 3407 352 3472 saei
374 3408 538 3494 hypocrite
561 3407 617 3492 qui
639 3407 802 3474 decimatis
825 3411 934 3474 mentis
957 3414 989 3472 et
1011 3415 1140 3473 anetum
1163 3415 1195 3473 et
1216 3409 1346 3494 cymind
1370 3414 1402 3474 et
1423 3407 1514 3472 relin-

287 3508 400 3594 quistis
423 3533 504 3595 quae
526 3508 673 3595 grauiora
684 3515 774 3575 eraut
787 3509 866 3596 legis
882 3509 1036 3576 iudicium
1053 3517 1084 3576 θῖ
1100 3509 1345 3576 misericordiam
1362 3519 1394 3576 θῖ
1408 3511 1511 3575 fidem.

285 3613 364 3678 haec
375 3617 556 3698 oportuerat
566 3612 671 3677 facere
684 3619 715 3677 et
726 3611 781 3676 illa
792 3636 856 3677 nou
871 3612 1026 3678 omittere.
1050 3611 1078 3649 ²⁴
1104 3613 1212 3678 Duces
1233 3612 1317 3678 caeci
1331 3612 1512 3697 (re)liquan·

285 3719 333 3780 tes
357 3713 489 3780 culicem
512 3716 679 3781 camellum
702 3723 808 3780 autem
834 3715 1031 3800 gluttientes.
1062 3713 1089 3754 ²⁵
1120 3717 1187 3780 Uae
1217 3716 1307 3781 uobis
1338 3713 1458 3781 scribae
1481 3727 1513 3780 et

284 3816 442 3903 pharisaei
463 3818 628 3902 hypocrite
649 3817 724 3902 quia
746 3819 925 3884 emundatis
947 3819 1030 3903 quod
1053 3817 1168 3883 deforis
1195 3825 1243 3884 est
1266 3816 1371 3882 calicis
1391 3824 1423 3883 at
1445 3840 1512 3903 par·

285 3919 402 4005 apsidis
425 3917 511 3984 intus
540 3927 645 3984 autem
668 3920 761 4006 plena
783 3927 857 3986 sunt
886 3920 997 4006 rapina
1026 3926 1059 3986 et
1085 3920 1337 4005 intemperantia.
1358 3918 1386 3957 ²⁶
1406 3919 1510 4006 phari·

284 4044 356 4086 seae
379 4045 460 4087 cece.
484 4023 601 4088 munda
624 4023 711 4108 prius
733 4022 816 4108 quod
838 4023 877 4088 de
900 4022 986 4089 intus
1009 4029 1056 4088 θεῖ
1078 4021 1184 4088 calicis
1206 4030 1242 4087 ut
1263 4025 1319 4088 fiat
1331 4029 1362 4088 et
1380 4022 1413 4086 id
1428 4022 1511 4108 quod

285 4122 401 4188 deforis
424 4130 472 4188 est
494 4148 592 4188 uuum
615 4126 777 4190 mundum.
803 4124 830 4163 2⁷
853 4126 923 4191 Uae
952 4125 1042 4191 uobis
1071 4124 1190 4189 scribae
1219 4136 1251 4190 et
1278 4124 1420 4211 pharisei
1452 4125 1508 4210 hy-

284 4225 414 4313 pocrite.
438 4225 513 4313 quia
535 4226 653 4292 similes
676 4227 752 4294 estis
775 4227 927 4314 sepulcris
950 4227 1102 4293 dealbatis
1124 4226 1201 4312 quid
1225 4226 1302 4293 foris
1319 4233 1430 4313 parent
1457 4229 1510 4291 ho-

284 4328 422 4394 miuibus
444 4329 585 4415 speciosa
605 4329 690 4396 intus
712 4354 788 4396 uero
811 4331 905 4417 plena
927 4338 1002 4394 sunt
1023 4329 1144 4395 ossibus
1167 4336 1360 4396 mortuorum
1377 4337 1408 4395 et
1423 4329 1510 4393 omni

284 4431 443 4518 spurcitia.
457 4430 540 4498 28sio
563 4438 595 4498 et
617 4456 716 4498 uosa
745 4431 820 4498 foris
850 4432 946 4518 quido
975 4431 1093 4519 paretis
1111 4432 1291 4498 hominibus
1321 4431 1398 4499 iusti
1423 4432 1509 4496 intus

284 4540 389 4598 autem
412 4533 499 4621 pleni
522 4535 597 4601 estis
612 4535 787 4621 hypocrisis
801 4539 837 4616 (l)
860 4542 893 4599 et
904 4534 1083 4619 iniquitate.
1108 4534 1135 4572 ²⁹
1156 4537 1225 4602 Uae
1238 4534 1327 4600 uobis
1345 4535 1465 4600 scribae
1478 4539 1509 4598 et

276 4635 440 4728 pharisaei
461 4637 626 4725 hypocrite
647 4637 724 4722 quia
746 4635 919 4704 aedificatis
942 4638 1086 4724 sepulcra
1110 4637 1302 4726 profetarum
1329 4643 1361 4702 et
1389 4633 1508 4701 ornatis

1729 2102 1733 2341 l
