3467 5192
692 271 832 322 matteum
851 269 889 334 (c.
908 269 966 334 24).
1397 267 1437 332 21

212 438 263 504 ille
286 461 396 504 seruus
418 438 451 502 in
476 438 568 502 eorde
591 461 656 504 suo.
681 462 799 503 moram
823 438 899 504 fecit
921 438 991 502 dllls
1019 461 1108 503 meus
1133 437 1253 502 uenire.
1267 435 1296 475 ⁴⁸
1307 443 1339 503 et
1364 437 1439 504 inci·

212 543 278 627 piet
299 548 463 626 percutere
486 545 630 606 adseruos
652 564 733 607 suos.
758 542 927 606 manducet
948 549 1054 606 autem
1077 548 1110 606 et
1136 540 1224 605 bibat
1252 564 1323 607 cum
1342 539 1440 605 ebric-

211 643 262 708 sis.
277 641 423 709 ⁴⁹ueniet
450 643 595 708 dominns
622 645 705 709 serui
736 643 819 710 illius
847 643 881 708 in
909 643 960 709 die
988 667 1050 728 qua
1076 666 1139 708 non
1172 648 1277 729 sperat
1299 649 1332 707 et
1361 644 1439 707 hora
1497 645 1501 651 ’

212 766 273 829 qua
294 746 426 832 ignorat.
440 745 467 785 ⁵⁰
479 754 511 810 et
532 745 655 811 diuidet
675 771 748 811 eum
771 753 954 833 partemque
971 746 1040 811 eius
1052 767 1123 812 eum
1144 745 1317 832 hypocritis
1331 753 1437 831 ponet.

211 849 274 916 illic
295 849 356 914 erit
376 849 469 913 fletus
491 857 523 913 et
546 848 660 915 stridor
682 850 833 915 dentium.

296 951 426 1016 LXIX.
452 953 488 1032 (c.
513 953 566 1033 25)
605 951 616 988 ¹
647 953 739 1018 Tunc
761 952 863 1018 simile
886 951 1104 1018 aestimabitur
1125 975 1256 1035 regnum
1281 957 1437 1018 caelorum

210 1054 315 1119 decern
338 1053 515 1138 uirginibus
538 1079 607 1139 quae
631 1054 879 1141 adcepierunt(l)
891 1055 1050 1141 lampades
1068 1077 1139 1119 suas
1158 1059 1190 1119 et
1204 1054 1388 1140 prodierunt
1406 1060 1438 1120 et

210 1162 368 1222 uenerunt
390 1157 515 1222 obuiam
539 1181 651 1243 sponso
675 1163 707 1223 et
729 1155 896 1244 sponsae.²
913 1157 1054 1243 quinque
1076 1162 1182 1222 autem
1205 1181 1244 1222 ex
1275 1156 1320 1222 eis
1349 1163 1439 1223 erant

210 1258 315 1323 fatuae
338 1264 370 1324 et
392 1259 533 1344 quinque
555 1259 868 1346 prudentes⁸fatuae
892 1283 964 1345 ergo
987 1259 1123 1346 acceptis
1152 1260 1348 1345 lampadibus
1375 1283 1437 1325 non

210 1369 411 1447 sumpserunt
434 1367 535 1427 oleum
560 1385 676 1428 seeum.
722 1362 736 1400 1
778 1365 956 1429 Prudentes
977 1385 1053 1428 uero
1076 1367 1263 1448 acceperunt
1284 1367 1387 1427 oleum
1403 1361 1437 1426 in

208 1462 293 1528 uasis
315 1463 380 1529 suis
402 1487 473 1529 cum
497 1465 699 1552 lampadibus,
749 1465 762 1502 1
805 1467 926 1531 Moram
950 1469 1056 1531 autem
1079 1487 1193 1551 sponso
1215 1463 1383 1529 facientem
1402 1467 1437 1546 (l)

209 1564 460 1632 dormitauerunt
481 1591 589 1633 omnes
612 1575 643 1633 et
666 1567 868 1634 dormierunt.
923 1568 936 1606 1
984 1566 1091 1633 Media
1119 1571 1225 1632 autem
1255 1573 1348 1633 noete
1376 1573 1436 1631 cla·

208 1692 276 1735 mor
297 1668 398 1734 factus
421 1676 469 1735 est
491 1693 563 1736 ecee
585 1693 719 1757 sponsus
742 1671 832 1736 uenit
855 1663 974 1754 surgite
986 1669 1112 1735 obuiam
1124 1669 1163 1735 ei.
1179 1669 1279 1735 ⁷tunc
1292 1691 1435 1736 surrexe·

208 1778 282 1837 runt
304 1795 413 1837 ornnes
435 1771 495 1837 illae
518 1772 658 1856 uirgines
682 1781 714 1838 et
738 1780 932 1838 orneuerunt
954 1772 1114 1858 lampades
1129 1795 1208 1838 suas.
1255 1769 1269 1809 1
1312 1773 1436 1838 Fatuae

208 1880 311 1940 autem
336 1873 531 1960 sapientibus
554 1875 712 1941 dixerunt.
737 1877 808 1941 date
831 1875 921 1942 nobis
948 1877 987 1941 de
1020 1882 1087 1940 oleo
1118 1881 1225 1941 uestro
1255 1874 1330 1961 quia
1358 1881 1434 1939 lam·

206 1978 302 2064 pedes
326 1982 450 2042 nostrae
474 1978 688 2064 extinguntur.
737 1977 750 2015 1
794 1979 1040 2066 Responderunt
1060 1977 1211 2064 pruddtes
1233 1976 1372 2042 dicentes
1394 2002 1435 2044 ne

206 2078 287 2145 forte
300 2103 362 2144 non
379 2079 516 2146 sufficiat
527 2081 617 2145 nobis
630 2089 662 2146 et
674 2082 771 2146 uobis
797 2082 853 2146 sed
865 2081 909 2146 ite
921 2081 1027 2167 potius
1043 2081 1083 2145 ad
1100 2081 1275 2145 uendentes
1294 2086 1327 2145 et
1337 2079 1434 2146 emite

206 2182 306 2247 uobis.
333 2181 360 2219 ¹⁰
380 2183 467 2247 Dum
493 2207 596 2248 emere
614 2185 705 2248 uenit
722 2207 853 2270 sponsus
874 2192 906 2248 et
921 2207 1002 2268 quae
1013 2188 1121 2269 parate
1133 2188 1223 2247 erant
1233 2181 1434 2248 intrauerunt

207 2308 278 2350 cum
301 2309 337 2350 eo
360 2284 393 2350 in
405 2285 534 2371 nuptias
556 2291 588 2351 et
611 2291 714 2350 clausa
737 2292 785 2351 est
803 2287 907 2350 ianua.
929 2284 953 2321 ¹¹
971 2284 1163 2350 nouissimae
1179 2295 1337 2350 uenerunt
1362 2285 1432 2349 reli·

206 2410 286 2472 quae
309 2387 440 2474 uirginis
463 2387 612 2454 dicentes.
637 2388 698 2453 dne
711 2388 772 2452 dne
784 2387 872 2474 aperi
894 2386 991 2453 nobis.
1008 2385 1034 2423 11
1046 2388 1086 2452 ad
1106 2386 1160 2452 ille
1183 2387 1374 2472 respondens
1388 2387 1434 2452 ait

206 2512 297 2555 amen
320 2489 389 2555 dico
413 2489 502 2555 uobis
524 2490 629 2556 nescio
651 2515 716 2556 uos.
732 2489 757 2526 11
770 2490 899 2571 uigilate
921 2489 1029 2576 itaque
1053 2488 1267 2574 quianescitis
1282 2489 1366 2553 diem
1382 2511 1432 2553 ne-

206 2615 268 2676 que
289 2593 407 2658 horam.
454 2591 482 2630 ¹4
525 2593 616 2658 Sicut
638 2593 723 2658 enim
745 2594 838 2657 homo
860 2616 991 2680 peregre
1010 2592 1167 2679 profectus
1183 2591 1310 2657 uocauit
1324 2615 1432 2658 seruos

205 2717 277 2758 suos
300 2704 331 2760 et
353 2695 483 2761 tradidit
505 2695 566 2760 illis
589 2697 670 2762 bona
692 2719 756 2760 sua.
773 2695 799 2734 11
810 2703 842 2761 et
870 2695 926 2761 uni
958 2695 1086 2780 quidem
1104 2694 1192 2759 dedit
1221 2695 1361 2780 quinque
1388 2701 1431 2759 ta-

203 2803 297 2861 lenta.
321 2797 376 2862 alii
398 2799 578 2864 autemduo
600 2798 653 2863 alii
676 2822 752 2864 uero
765 2823 873 2863 unum.
897 2798 1069 2882 unicuique
1083 2797 1256 2864 secundum
1271 2797 1429 2884 propriam

204 2899 354 2966 uirtutem
376 2899 535 2986 profectus
558 2908 605 2967 est
629 2901 766 2984 [statim].
801 2901 827 2939 ¹⁶
856 2901 1017 2966 Ocntinuo
1034 2899 1133 2982 [abiit]
1147 2905 1252 2965 autem
1271 2898 1430 2986 quiquin·

204 3025 266 3086 que
289 3004 407 3068 talenta
429 3003 595 3091 adceperat
618 3010 650 3068 et
671 3010 817 3090 operatus
840 3003 936 3068 estin
952 3003 997 3068 eis
1013 3002 1073 3068 alia
1091 3002 1241 3088 quinque.
1264 3001 1430 3067 1191811(ιί-

203 3104 276 3170 liter
294 3106 394 3190 etqui
418 3107 479 3172 duo
501 3105 626 3193 adcepit
648 3107 787 3174 lucratus
811 3113 859 3171 est
880 3106 913 3169 in
931 3106 976 3171 eis
996 3105 1056 3169 alia
1075 3106 1145 3169 duo.
1182 3102 1209 3141 ¹⁸
1241 3103 1308 3188 Qui
1323 3110 1429 3169 autem

203 3231 301 3272 unum
314 3211 468 3274 talentum
491 3209 616 3295 adcepit
637 3207 717 3273 fodit
739 3213 771 3273 et
791 3207 953 3273 abscondit
965 3207 1130 3294 pecuniam
1149 3207 1205 3272 dni
1220 3207 1278 3271 sui.
1304 3204 1331 3243 11
1353 3207 1431 3272 Post

203 3311 338 3376 multum
362 3335 436 3375 uero
453 3317 546 3398 tepus
565 3311 655 3377 uenit
675 3313 762 3376 d01'1'1s
779 3335 942 3376 seruorum
960 3311 1085 3376 illorum
1102 3318 1134 3376 et
1152 3309 1260 3397 posuit
1274 3310 1428 3376 rationem

203 3437 272 3477 cum
286 3413 339 3478 eis.
354 3413 382 3452 11
394 3419 424 3478 et
436 3415 590 3480 adcedens
603 3414 656 3499 qui
672 3414 813 3498 quinque
825 3420 944 3479 talenta
955 3413 1121 3500 adceperat
1138 3413 1254 3499 optulit
1268 3412 1329 3477 alia
1341 3412 1430 3499 quin-

203 3539 264 3600 que
286 3523 404 3582 talenta
426 3516 541 3582 dicens.
565 3517 628 3581 dne
641 3517 782 3602 quinque
804 3516 923 3581 talenta
940 3515 1018 3580 mihi
1037 3515 1161 3581 tradisti
1177 3539 1248 3582 eece
1264 3515 1326 3579 alia
1341 3515 1427 3601 quin·

203 3641 263 3702 que
286 3620 517 3706 superlucratus
540 3643 619 3683 sum.
665 3618 691 3656 11
736 3619 796 3684 Ait
818 3617 865 3682 illi
888 3619 958 3682 dms
981 3619 1049 3683 eius
1071 3641 1151 3703 euge
1173 3640 1263 3682 serue
1282 3618 1382 3682 bonae
1397 3622 1430 3682 et

201 3721 300 3786 fidelis
324 3723 428 3808 [super
450 3744 549 3807 pauca
571 3720 660 3786 fuisti
683 3721 793 3803 fidelis]
808 3744 903 3806 super
927 3721 1026 3784 multa
1048 3728 1080 3785 te
1103 3719 1262 3785 constitua
1294 3719 1378 3784 intra
1393 3719 1428 3785 in

201 3823 350 3908 gaudium
373 3823 439 3889 dmi
461 3823 518 3890 tui.
564 3821 591 3860 11
636 3822 780 3890 Accessit
802 3832 908 3888 autem
932 3821 1041 3906 etqui
1064 3822 1125 3886 duo
1153 3821 1273 3887 talenta
1301 3822 1427 3907 adcepe-

194 3931 249 3990 ¹rat
270 3932 303 3990 et
324 3925 377 3991 ait.
402 3927 473 3991 dille
496 3927 558 3991 dno
579 3930 697 3990 talenta
720 3925 877 3990 tradidisti
901 3923 979 3989 mihi
1007 3947 1080 3990 eece
1113 3924 1175 3988 alia
1206 3924 1268 3990 duo
1289 3928 1427 3990 lucratus

200 4051 277 4092 sum.
325 4025 352 4065 11
394 4030 438 4093 Et
461 4028 506 4095 ait
527 4027 575 4093 illi
591 4028 659 4093 dffls
682 4027 758 4093 eius.
783 4051 861 4113 euge
883 4028 973 4092 serbe
996 4027 1075 4092 bone
1098 4033 1130 4092 et
1157 4026 1259 4092 fidelis
1278 4025 1353 4112 quia
1379 4050 1427 4091 su·

200 4153 256 4216 per
277 4154 377 4216 pauca
399 4130 487 4196 fuisti
509 4129 618 4196 fidelis.
643 4153 736 4216 super
757 4131 858 4195 multa
869 4136 901 4195 te
914 4128 1111 4196 constituam.
1128 4129 1212 4194 intra
1226 4129 1261 4194 in
1275 4128 1426 4214 gaudium

200 4232 256 4297 dni
270 4232 328 4297 tui.
346 4232 548 4298 24Accedens
570 4240 676 4298 eutem
699 4239 732 4297 et
754 4232 810 4316 qui
832 4255 932 4296 unum
943 4237 1096 4297 talentum
1112 4232 1279 4317 adceperat
1295 4231 1339 4296 ait
1354 4232 1426 4298 dffle

199 4334 263 4400 scie
286 4335 361 4419 quia
382 4337 477 4400 homo
500 4337 596 4400 durus
619 4342 666 4401 est
687 4334 780 4400 metis
803 4334 857 4399 ubi
886 4358 948 4399 non
976 4333 1139 4400 seminasti
1169 4343 1202 4399 et
1234 4357 1426 4418 congregans

199 4436 254 4501 ubi
276 4460 338 4501 non
362 4436 503 4520 sparsisti
516 4435 542 4475 11
555 4443 587 4502 et
609 4436 724 4503 timens
754 4437 817 4502 abii
845 4444 877 4502 et
904 4436 1051 4502 abscondi
1079 4442 1232 4502 talentum
1264 4443 1358 4502 tuum
1391 4436 1425 4500 in

199 4546 324 4603 terram.
347 4563 418 4605 ecce
440 4540 536 4604 habes
571 4541 655 4622 quod
687 4547 779 4604 tuum
811 4548 866 4605 est.
914 4538 941 4577 11
984 4540 1190 4625 Respondeas
1213 4546 1319 4605 autem
1352 4541 1425 4607 dms

199 4641 268 4707 eius
289 4641 371 4708 dixit
393 4642 431 4707 ei.
452 4665 543 4708 seruo
569 4663 704 4726 nequam
733 4650 765 4708 et
792 4641 891 4728 piger.
921 4641 1042 4706 sciebas
1068 4642 1151 4730 quod
1170 4649 1255 4712 meto
1278 4643 1332 4712 ubi
1360 4668 1423 4713 uon
