3467 5192
708 258 841 311 lucanum
865 259 903 323 (c.
924 262 964 324 5).
1409 261 1451 324 69

308 427 374 490 XI.
420 427 447 466 33
489 427 675 494 Etfactum
700 427 804 493 estin
834 451 900 492 una
927 426 1050 493 dierum
1080 434 1113 493 et
1141 428 1209 514 ipse
1238 429 1367 494 sedebat
1397 429 1450 494 do·

224 551 306 594 cens.
330 534 363 593 et
385 537 475 596 crant
495 530 654 616 pharisaei
677 530 823 595 docentes
847 538 879 595 et
900 528 979 614 legis
1002 530 1143 596 doctores
1165 529 1220 615 qui
1243 538 1397 596 uenerant
1411 553 1452 594 ex

223 631 309 694 omni
332 632 460 698 castello
481 631 613 716 galileae
637 638 668 697 et
690 631 803 697 iudeae
827 637 859 696 et
887 631 1078 697 hierusalem
1106 638 1139 697 et
1166 633 1269 697 uirtus
1301 637 1369 698 erat
1395 632 1452 698 dni

223 732 262 796 ad
285 733 439 798 sanandos
462 756 523 798 eos.
536 731 563 770 ¹⁸
573 740 606 799 et
631 757 703 800 ecoe
730 733 793 798 uiri
826 741 987 819 portantes
1021 733 1054 798 in
1090 734 1170 799 lecto
1200 734 1361 799 hominem
1395 735 1451 821 qui

223 839 293 898 crat
315 835 507 920 paralyticus
530 843 561 901 et
584 837 757 920 querebant
779 859 852 901 eum
875 835 992 901 inferre
1018 843 1051 901 et
1078 859 1195 922 ponere
1222 845 1296 901 ante
1329 861 1411 902 eum.
1424 835 1452 874 ¹⁹

223 940 255 1001 et
276 959 339 1000 non
362 936 564 1004 inuenientes
587 962 648 1023 qua
670 944 759 1024 parte
781 962 853 1003 eum
878 937 1033 1004 inferrent
1054 961 1111 1024 pre
1132 940 1225 1003 turba
1240 938 1451 1004 ascenderunt

223 1061 317 1123 supra
340 1045 457 1104 tectum
482 1047 513 1105 et
535 1064 592 1126 per
614 1041 735 1125 tegulas
759 1040 986 1106 summiserunt
1008 1040 1098 1105 illum
1114 1065 1185 1105 cum
1201 1041 1281 1105 lecto
1297 1039 1330 1104 in
1346 1038 1451 1106 medio

223 1145 297 1205 ante
319 1139 394 1204 ihm.
410 1139 581 1225 ²⁰quorum
603 1142 697 1206 fidem
723 1149 760 1207 ut
788 1142 872 1207 uidit
897 1142 949 1206 ihs
979 1141 1061 1206 dixit
1093 1143 1187 1207 homo
1217 1141 1348 1208 remissa
1377 1151 1452 1209 sunt

223 1241 282 1308 tibi
304 1249 431 1328 peccata
455 1250 518 1308 tua.
566 1243 591 1281 33
635 1245 679 1309 Εῖ
701 1250 872 1330 coeperunt
893 1243 1030 1328 cogitare
1053 1244 1175 1310 scribae
1197 1251 1230 1309 et
1244 1244 1402 1329 pharisaei
1417 1244 1451 1309 in

223 1345 368 1411 cordibus
403 1345 469 1410 suis
503 1346 652 1411 dicentes.
688 1348 758 1430 quis
799 1353 847 1412 est
890 1346 941 1412 hic
974 1345 1030 1431 qui
1071 1345 1211 1431 loquitur
1242 1346 1452 1431 blasphemias

224 1447 294 1530 quis
317 1454 420 1532 potest
443 1447 602 1513 dimittere
625 1456 787 1534 peccatum
810 1448 874 1512 nisi
896 1448 981 1514 solus
1011 1449 1058 1513 ds.
1095 1446 1122 1484 33
1152 1448 1199 1513 Ut
1220 1447 1369 1532 cognouit
1396 1471 1450 1512 au-

221 1554 286 1614 tem
309 1549 361 1611 ihs
383 1549 588 1633 cogitationes
611 1572 719 1615 eorum
743 1550 824 1615 dixit
846 1550 887 1614 ad
909 1549 979 1614 illos
1004 1551 1082 1634 quid
1113 1549 1258 1634 cogitatis
1289 1549 1322 1612 in
1355 1549 1452 1613 cordi-

222 1652 280 1714 bus
302 1651 416 1716 uestris
429 1649 545 1735 23quid
568 1658 616 1717 est
637 1650 761 1717 facilius
784 1652 889 1717 dicere
911 1652 1043 1717 remissa
1065 1660 1140 1718 sunt
1162 1652 1220 1716 tibi
1247 1659 1375 1736 peccata
1396 1657 1453 1716 tua

223 1761 277 1817 aut
300 1753 404 1819 dicere
426 1776 554 1837 resurge
576 1759 608 1818 et
629 1756 754 1819 ambula
771 1753 844 1820 5“ut
866 1754 973 1820 sciatis
995 1762 1100 1819 autem
1132 1753 1208 1838 quia
1237 1753 1322 1818 filius
1350 1754 1450 1818 homi·

222 1855 272 1920 nis
295 1855 390 1919 habet
412 1861 599 1940 potestatem
613 1855 647 1919 in
662 1861 746 1921 terra
756 1855 939 1922 dimittendi
953 1862 1083 1942 peecata
1098 1856 1144 1920 ait
1154 1856 1325 1942 paraletico
1337 1854 1373 1938 (l)
1393 1854 1453 1920 tibi

223 1956 292 2022 dico
315 1979 406 2040 surge
428 1958 504 2022 tolle
527 1956 611 2022 lectu
635 1968 725 2022 tuum
750 1966 782 2023 et
804 1959 885 2023 uade
907 1958 940 2022 in
964 1958 1092 2023 domum
1107 1967 1204 2023 tuam.
1250 1955 1277 1996 33
1320 1959 1365 2021 Εῖ
1379 1979 1450 2022 con·

223 2058 329 2124 festim
353 2081 455 2123 coram
479 2059 543 2123 illis
566 2059 641 2124 tulit
662 2059 695 2124 in
718 2083 780 2144 quo
809 2060 932 2125 iacebat
959 2066 991 2126 ct
1023 2060 1102 2125 abiit
1133 2060 1168 2125 in
1201 2060 1329 2125 domum
1362 2082 1451 2124 suam

223 2160 429 2246 magnificans
455 2162 517 2225 dm.
532 2160 602 2226 33θῖ
629 2168 737 2248 stupor
768 2162 977 2248 apprehendit
1004 2185 1113 2227 omnes
1146 2169 1178 2228 et
1210 2162 1453 2243 magnificabant

223 2264 285 2328 dm.
310 2270 342 2329 ct
364 2264 476 2350 repleti
499 2271 573 2329 sunt
595 2263 708 2328 timore
732 2264 870 2330 dicentes
893 2263 969 2350 quia
991 2264 1131 2329 uidimus
1161 2264 1320 2329 mirabilia
1346 2262 1449 2328 hodie.

307 2366 392 2430 XII.
438 2364 464 2404 33
508 2366 552 2431 Εῖ
577 2371 649 2452 post
684 2368 762 2431 haec
795 2366 876 2431 exiit
908 2374 941 2431 et
972 2366 1055 2431 uidit
1087 2366 1291 2452 publicanum
1323 2364 1453 2430 nomine

222 2467 309 2533 leuui
333 2468 494 2533 sedentem
518 2469 557 2532 ad
580 2468 764 2533 theloneum
787 2477 820 2533 et
842 2468 888 2534 ait
913 2468 961 2532 illi
989 2492 1120 2554 sequere
1154 2491 1214 2531 me.
1228 2465 1299 2532 ²⁸et
1332 2465 1451 2532 relictis
1523 2471 1530 2483 '

223 2569 367 2635 omnibus
390 2593 521 2653 surgens
543 2578 671 2635 secutus
694 2577 741 2636 est
763 2595 847 2635 cum.
893 2569 921 2608 33
963 2571 1008 2637 Εῖ
1028 2569 1104 2636 lecit
1125 2569 1174 2636 tlli
1196 2569 1347 2635 conuiuii
1368 2593 1453 2654 meg-

222 2695 299 2736 num
322 2671 387 2736 lcui
409 2672 442 2735 in
466 2672 557 2737 domo
580 2695 638 2736 sua
660 2679 692 2737 et
714 2681 781 2738 eret
803 2674 896 2739 turba
918 2674 1019 2739 multa
1047 2672 1287 2758 publicanorum
1317 2680 1350 2737 et
1378 2671 1452 2736 elio

223 2797 291 2838 rum
315 2774 370 2858 qui
392 2798 463 2839 cum
487 2773 551 2839 illis
574 2781 665 2839 erant
687 2773 933 2841 discumbentes.
979 2773 1007 2812 33
1042 2777 1087 2839 Et
1100 2780 1364 2839 mumurauerunt
1377 2776 1452 2860 pha-

222 2875 316 2940 risaei
338 2884 370 2940 et
392 2874 491 2941 scribe
514 2875 655 2942 dicentes
678 2876 717 2940 ad
740 2877 912 2962 discipulos
941 2877 1010 2942 eius
1039 2899 1136 2960 quare
1170 2900 1241 2941 cum
1274 2876 1452 2962 publicanis

223 2984 255 3043 et
276 2977 491 3064 peccatoribus
513 2978 681 3043 manducat
705 2985 737 3042 et
759 2978 847 3043 bibit.
893 2977 920 3015 ³¹
964 2979 1008 3043 Et
1029 2978 1220 3064 respondens
1242 2977 1293 3041 ihs
1316 2977 1398 3043 dixit
1412 2977 1452 3042 ad

222 3081 293 3145 illos
315 3103 374 3145 nec
396 3079 451 3165 qui
473 3080 543 3144 sani
565 3087 638 3146 sunt
661 3081 818 3145 medicum
840 3080 895 3146 sed
918 3080 974 3166 qui
996 3083 1079 3144 male
1105 3081 1232 3145 habent.
1246 3079 1272 3116 33
1285 3103 1349 3144 non
1376 3079 1452 3144 ueni

223 3204 335 3247 uocare
358 3181 456 3247 iustos
479 3182 535 3246 scd
556 3171 735 3268 peccatores
757 3181 790 3246 in
813 3181 1031 3268 penitentiam.
1078 3179 1107 3218 33
1151 3182 1206 3246 Ad
1227 3181 1276 3246 illi
1302 3181 1454 3246 dixerunt

223 3285 262 3348 ad
284 3283 325 3348 eri
347 3307 444 3369 quare
467 3285 614 3370 discipuli
637 3284 783 3350 iohannis
805 3284 950 3350 ieiunant
971 3283 1154 3368 frequenter
1168 3290 1201 3348 et
1215 3283 1451 3369 pharisaeorum

223 3394 255 3452 et
277 3386 507 3452 obsecrationes
530 3385 651 3452 faciunt
674 3386 821 3472 discipuli
844 3394 950 3452 autem
981 3386 1030 3451 tui
1063 3387 1163 3451 edunt
1195 3394 1227 3452 et
1258 3386 1378 3450 bibunt.
1424 3383 1453 3422 ³⁴

224 3488 347 3573 Quibus
374 3489 442 3574 ipse
477 3487 522 3552 ait
550 3487 701 3573 numquid
734 3495 866 3573 possunt
897 3489 942 3553 fili
972 3489 1057 3573 spesi
1088 3489 1164 3553 dum
1198 3512 1269 3553 cum
1304 3487 1368 3553 illis
1405 3492 1454 3552 est

223 3615 354 3678 sponsus
376 3590 518 3656 ieiunare
530 3587 558 3628 33
568 3589 677 3655 ueniet
699 3596 805 3656 autem
828 3590 895 3655 dies
918 3614 989 3654 cum
1013 3590 1174 3656 auferetur
1197 3593 1236 3656 ab
1258 3590 1304 3655 eis
1319 3611 1452 3675 sponsus

223 3700 255 3758 et
276 3699 352 3758 tunc
372 3692 560 3757 ieiunabunt
582 3691 617 3755 in
638 3691 701 3756 illis
724 3691 845 3757 diebus.
893 3691 920 3730 33
962 3691 1058 3757 Dixit
1080 3698 1187 3758 autem
1210 3697 1242 3757 et
1268 3690 1449 3756 similitudi·

222 3818 295 3860 nem
318 3796 357 3860 ad
379 3795 450 3859 illos
474 3794 549 3878 quia
570 3817 663 3860 nemo
686 3793 913 3859 conmissurem
936 3816 954 3857 a
980 3793 1172 3859 uestimento
1206 3817 1290 3859 nouo
1317 3792 1453 3858 inmittit

223 3898 258 3961 in
279 3897 505 3962 uestimentum
530 3903 622 3961 uetus
644 3894 787 3980 alioquin
810 3901 843 3960 et
863 3919 982 3961 nouum
1005 3895 1126 3981 rumpit
1155 3901 1187 3960 et
1214 3901 1354 3960 ueterem
1387 3918 1452 3960 non

223 3999 370 4065 conuenit
392 3997 597 4065 commissura
619 4021 637 4062 a
659 4021 752 4062 nouo.
766 3996 838 4062 ⁸⁷et
860 4020 953 4062 nemo
983 3996 1083 4062 mittit
1099 4084 1103 4091 Ι
1117 3997 1229 4062 uinum
1263 4021 1382 4062 nouum
1416 3995 1450 4060 in

222 4106 309 4166 utres
332 4100 449 4168 ueteris
461 4102 497 4181 (1)
520 4099 660 4185 alioquin
683 4105 810 4185 rumpet
823 4099 939 4164 uinum
955 4123 1072 4164 nouum
1089 4107 1176 4164 utres
1191 4105 1224 4165 θῖ
1239 4099 1332 4185 ipsud
1350 4099 1451 4164 effun-

222 4203 315 4268 detur
337 4209 369 4269 et
391 4209 477 4268 utres
498 4201 656 4288 peribunt.
669 4199 697 4238 33
708 4203 761 4266 sed
785 4201 897 4267 uinum
920 4224 1039 4267 nouum
1056 4201 1089 4266 in
1103 4206 1191 4265 utres
1209 4202 1362 4278 nouusll)
1378 4199 1451 4264 mit-

223 4313 295 4371 tunt
317 4312 350 4370 θῖ
371 4313 506 4388 utraque
529 4310 764 4369 conseruantur.
778 4302 806 4340 33
819 4305 862 4386 [θῖ
884 4327 978 4368 nemo
1000 4303 1111 4368 bibens
1137 4307 1230 4367 uetus
1251 4301 1358 4367 statim
1381 4301 1453 4366 uult

222 4431 341 4474 nouum
364 4406 442 4472 dicit
464 4406 550 4470 enim
572 4412 665 4470 uetus
690 4404 803 4470 melius
826 4406 895 4489 est].

307 4509 408 4574 XHI.
435 4511 474 4587 (c.
498 4506 529 4590 6)
575 4506 586 4543 ¹
631 4507 766 4572 Factum
789 4514 838 4572 est
861 4513 968 4572 autern
995 4507 1030 4571 in
1057 4508 1185 4573 sabbato
1218 4505 1354 4571 secundo
1387 4504 1450 4591 pri·

222 4634 308 4676 mum
333 4633 405 4676 cum
427 4608 576 4675 transiret
598 4632 655 4695 per
677 4607 832 4673 seminata
854 4609 1014 4674 uellebant
1036 4608 1182 4695 discipuli
1204 4608 1273 4674 eius
1294 4605 1398 4695 spicas
1418 4611 1456 4672 et
