3467 5192
678 270 831 322 iohannem
850 269 886 336 (c.
907 270 944 333 7).
1208 317 1213 325 ,
1383 273 1423 335 4l

198 438 293 503 dauid
315 443 375 524 xps
398 437 497 502 uenit.
543 437 570 475 ⁴³
613 438 780 504 Dissensio
804 448 909 503 autem
934 438 1017 505 facta
1040 448 1087 505 est
1113 439 1145 504 in
1177 442 1269 505 turba
1297 449 1429 527 propter

198 541 298 605 illurn.
311 540 449 626 44quida
471 547 578 605 autem
601 565 637 604 ex
660 541 726 606 illis
747 541 984 627 apprehendere
1007 566 1080 607 eum
1096 542 1246 608 uolebant
1262 544 1317 607 sed
1332 567 1428 608 nemo

197 643 344 707 inillam
368 642 455 709 misit
478 666 615 707 manum.
660 643 688 681 4⁵
731 643 900 709 Venerunt
934 667 1008 728 ergo
1030 645 1166 708 ministri
1196 646 1235 709 ad
1264 645 1425 730 principes

197 745 395 810 secerdotum
418 752 450 808 et
471 746 660 830 pharisaeos.
686 755 717 809 et
740 745 890 810 dixerunt
919 746 965 811 eis
992 745 1040 810 illi
1071 770 1168 831 quare
1201 770 1263 810 nou
1297 747 1428 811 adduxi·

198 847 254 911 stis
287 871 368 911 eum.
414 847 443 884 4⁶
488 847 731 933 Responderunt
763 848 899 912 ministri
934 872 1106 934 numquam
1141 848 1185 913 sic
1216 849 1340 914 locutus
1377 857 1429 915 eat

198 948 364 1034 quisquam
387 951 480 1014 homo
505 948 607 1032 [sicut]
631 949 683 1014 hic
713 951 816 1014 homo.
861 950 889 988 ⁴⁵⁷
940 952 1184 1036 Responderunt
1202 951 1248 1016 eia
1276 952 1426 1036 pharisei.

197 1051 353 1136 numquid
376 1058 408 1116 et
430 1074 487 1116 uos
509 1052 629 1118 seducti
642 1053 728 1117 estis.
740 1052 768 1089 ⁴¹⁸
780 1053 934 1138 numquid
957 1053 1072 1138 aliquis
1094 1053 1344 1139 exprincipibus
1359 1076 1425 1120 cre·

198 1153 278 1220 didit
299 1154 332 1217 in
357 1178 427 1218 eum
452 1161 506 1218 aut
529 1178 568 1218 ex
591 1155 754 1240 phariseis.
767 1153 965 1221 ⁴⁹sedturba
986 1157 1064 1220 haec
1086 1179 1157 1240 quae
1179 1180 1240 1220 uon
1268 1156 1359 1221 nouit
1380 1157 1422 1221 le·

197 1280 267 1341 gem
291 1248 450 1320 maledicti
474 1264 555 1323 sunt.
572 1255 599 1294 ⁵⁰
611 1257 693 1322 dixit
714 1256 899 1323 nicodemus
930 1258 969 1323 ad
1002 1281 1054 1322 eos
1088 1257 1142 1321 ille
1176 1257 1231 1342 qui
1262 1257 1351 1322 uenit
1384 1258 1426 1322 ad

103 1399 105 1404 ·
197 1382 267 1423 eum
291 1366 383 1425 nocte
406 1359 494 1445 prius
518 1359 573 1444 qui
597 1367 664 1422 erat
686 1383 768 1424 unus
790 1384 831 1424 ex
853 1359 939 1446 ipsis.
953 1359 980 1400 ⁶¹
996 1360 1150 1445 numquid
1170 1359 1223 1423 lex
1247 1368 1354 1425 nostra
1379 1359 1427 1425 iu-

198 1460 282 1526 dicat
304 1461 431 1526 homine
454 1462 516 1526 nisi
539 1461 674 1527 audierit
695 1461 800 1548 primu
823 1463 861 1527 ab
886 1463 954 1548 ipso
976 1470 1008 1527 et
1030 1462 1214 1546 cognouerit
1240 1462 1316 1547 quid
1338 1461 1423 1527 facit.

197 1561 224 1601 ⁶²
268 1564 513 1649 Responderunt
535 1572 567 1629 et
588 1565 738 1629 dixerunt
754 1565 908 1647 numquid
931 1574 962 1630 et
978 1575 1014 1630 tu
1035 1590 1053 1629 a
1071 1566 1205 1648 galilaea
1220 1589 1261 1630 es.
1285 1574 1425 1630 scrutare

197 1665 368 1750 scripturas
392 1673 424 1730 et
447 1667 520 1732 uide
544 1667 618 1752 quia
641 1669 793 1753 propheta
815 1691 833 1731 a
855 1667 970 1752 galilea
992 1692 1054 1733 non
1077 1667 1186 1751 surgit.
1201 1666 1228 1705 ⁵³
1242 1669 1284 1750 [et
1302 1667 1424 1733 reuersi

195 1776 270 1833 sunt
294 1769 509 1853 unusquisque
532 1769 564 1833 in
588 1771 716 1834 domum
740 1771 850 1852 suaml.

280 1871 379 1937 XVI.
404 1872 440 1955 (c.
465 1874 497 1952 8)
544 1873 553 1908 ¹
599 1874 656 1936 lhs
686 1880 789 1935 autern
819 1872 960 1937 ascendit
994 1873 1025 1936 in
1061 1881 1200 1936 montem
1215 1943 1218 1947 ¹
1234 1872 1354 1937 oliueti.
1369 1872 1428 1938 ²et

195 1995 289 2036 mane
322 1996 391 2037 cum
439 1974 556 2039 factum
591 1984 673 2039 esset
706 1974 821 2038 iterum
853 1975 943 2039 uenit
977 1974 1009 2038 in
1044 1974 1161 2059 templo
1191 1984 1222 2038 et
1256 1975 1424 2041 uniuersus

194 2075 329 2161 populus
353 2077 584 2142 conueniebant
607 2079 645 2141 ad
673 2101 744 2140 euru
780 2084 811 2142 et
846 2101 917 2142 oum
953 2077 1144 2141 consedisset
1176 2077 1306 2142 docebat
1337 2076 1427 2143 eos.³

194 2178 313 2242 scribae
337 2189 443 2243 autem
466 2188 498 2244 et
519 2179 677 2265 pharisaei
702 2180 862 2244 adducunt
885 2181 924 2243 ad
947 2203 1019 2244 eum
1045 2179 1207 2243 mulierem
1231 2179 1264 2242 in
1285 2180 1428 2244 moecha·

194 2281 313 2345 tionem
337 2282 561 2367 deprehensam
587 2305 681 2366 quam
706 2305 777 2347 cum
800 2281 962 2347 statuisset
985 2283 1017 2345 in
1040 2282 1152 2346 medio.
1171 2281 1186 2318 ⁴
1202 2282 1352 2346 dixerunt
1384 2283 1423 2345 ad

193 2381 270 2446 ihm.
295 2383 445 2468 magister
467 2386 546 2449 haec
568 2385 684 2449 mulier
706 2385 903 2470 deprehensa
925 2392 973 2449 est
995 2384 1027 2447 in
1051 2382 1339 2448 moechatione⁵in
1355 2384 1426 2467 lege

195 2495 301 2550 autem
328 2486 480 2572 praecepit
501 2487 592 2551 nobis
615 2510 739 2572 moyses
761 2496 798 2550 ut
820 2487 874 2570 qui
904 2487 937 2549 in
972 2486 1151 2566 a(d)ulterio
1177 2474 1427 2570 deprehenditur

194 2587 361 2673 lapidetur.
385 2596 420 2652 tu
443 2599 547 2662 autem
572 2590 648 2675 quid
671 2588 749 2654 diois
780 2589 818 2653 de
852 2612 898 2652 ea.
917 2588 1002 2653 ⁶hac
1036 2588 1200 2652 edioebant
1232 2596 1426 2673 temptantes

194 2713 266 2754 eum
290 2698 326 2755 ut
348 2692 465 2755 habent
488 2715 611 2756 causam
636 2691 808 2757 adcusandi
831 2715 913 2756 eum.
937 2692 988 2754 ihs
1012 2698 1116 2754 autern
1141 2690 1291 2756 inclinato
1321 2689 1426 2776 capite

195 2791 294 2875 digito
316 2793 469 2858 scribebat
491 2794 524 2857 in
547 2800 672 2859 terram.
690 2795 786 2859 ⁷cum
816 2803 923 2858 autem
956 2793 1186 2878 interrogarent
1219 2801 1425 2878 expectantes

195 2916 266 2958 eum
290 2894 365 2979 quid
389 2895 513 2961 diceret.
541 2904 573 2961 et
595 2897 696 2962 erexit
718 2921 751 2962 se
774 2901 806 2961 et
828 2895 910 2960 dixit
932 2895 987 2961 eia.
1016 2895 1152 2981 quisque
1183 2903 1324 2960 uestrum
1353 2895 1426 2960 sine

195 2996 309 3062 delicto
332 3004 380 3062 est
401 2998 487 3083 prior
508 2998 541 3062 in
565 3023 633 3063 eam
657 2999 794 3084 lapidem
817 2998 922 3062 iactet.
937 2996 993 3062 ⁸et
1014 2997 1130 3062 iterum
1154 2996 1311 3063 inclinans
1334 2999 1425 3062 sede

196 3096 295 3183 digito
319 3100 474 3166 scribebat
496 3103 529 3166 in
553 3108 645 3166 terra.
660 3099 731 3165 ⁹illi
754 3100 852 3185 igitur
875 3123 947 3164 cum
970 3099 1110 3164 audisset
1129 3100 1282 3185 paulatim
1301 3100 1424 3165 secede-

195 3202 271 3267 bant
292 3202 410 3288 singuli
433 3203 625 3289 adcipientes
648 3226 666 3267 a
689 3202 864 3268 senioribus
893 3225 1002 3267 omnes
1024 3208 1220 3266 recesserunt
1243 3207 1276 3267 et
1295 3202 1426 3266 relictus

195 3313 242 3369 est
263 3305 348 3370 solus
372 3305 429 3369 ihs.
455 3312 487 3371 et
509 3329 580 3371 ecce
604 3305 718 3370 mulier
739 3305 794 3370 illa
816 3305 849 3368 in
873 3304 977 3370 medio
1000 3312 1076 3370 erat.
1092 3301 1118 3340 ¹⁰
1136 3303 1239 3389 orique
1273 3308 1426 3368 erexisset

195 3429 227 3471 se
249 3407 301 3472 ihs
324 3408 406 3474 dixit
427 3409 466 3472 ad
490 3433 568 3474 eam.
593 3409 707 3473 mulier
729 3408 880 3472 ubi'suut
903 3406 958 3491 qui
982 3414 1011 3471 te
1034 3407 1258 3491 perduxerunt.
1282 3429 1376 3471 nemo
1391 3414 1425 3472 te

194 3509 357 3595 lapidauit.
372 3509 398 3548 ¹¹
411 3521 443 3576 et
464 3511 519 3575 illa
542 3511 734 3597 respondens
757 3510 840 3574 dixit
863 3532 956 3574 nemo
979 3510 1051 3573 dire.
1075 3507 1157 3573 dixit
1179 3517 1285 3574 autem
1309 3510 1337 3573 ei
1360 3509 1420 3572 ihs.

194 3635 253 3677 nec
275 3636 333 3697 ego
356 3623 387 3679 tc
411 3614 574 3679 domuab0.
599 3636 638 3677 ex
660 3614 721 3678 hoc
743 3612 806 3677 iam
829 3611 929 3676 nolite
951 3634 1089 3697 peccare.
1104 3609 1129 3646 ¹²
1140 3610 1255 3676 iterum
1281 3634 1355 3696 ergo
1377 3612 1421 3675 lo·

194 3724 285 3781 cutus
309 3724 358 3782 est
380 3715 410 3779 ei
432 3717 484 3780 ihs
507 3717 615 3782 dicens
639 3738 696 3798 ego
720 3738 788 3779 sum
812 3715 869 3778 lux
892 3712 1002 3777 mundi
1026 3712 1080 3797 qui
1109 3712 1252 3797 sequitur
1279 3734 1330 3775 me
1359 3735 1424 3775 non

194 3820 335 3885 ambulat
356 3819 390 3884 in
413 3821 549 3884 tenebris
572 3819 626 3883 sed
647 3817 776 3881 habebit
798 3817 904 3880 lumen
929 3815 1024 3880 uitae.
1048 3813 1074 3851 ¹³
1092 3814 1242 3879 dixerunt
1269 3836 1341 3897 ergo
1374 3814 1422 3877 illi

192 3922 351 4006 pharisaei
375 3930 410 3986 tu
434 3923 472 3985 de
496 3929 527 3986 te
555 3918 770 3985 testimouium
805 3918 950 4004 perhibes
984 3916 1200 3981 testimonium
1234 3927 1323 3981 tuum
1359 3939 1422 3981 non

194 4033 242 4090 est
263 4050 385 4091 uerum.
401 4023 599 4108 ¹4respondit
620 4023 672 4085 ihs
694 4022 777 4086 dixit
800 4022 846 4086 eis
870 4019 950 4084 etsi
981 4043 1039 4102 ego
1071 4019 1287 4083 testimonium
1320 4017 1423 4104 perhi-

193 4130 251 4194 beo
274 4130 312 4192 de
336 4128 455 4214 meipso
477 4149 587 4190 uerum
612 4130 660 4190 est
680 4123 898 4189 testimonium
922 4145 1023 4187 meum
1047 4121 1122 4205 quia
1148 4121 1211 4185 scio
1240 4121 1324 4184 unde
1348 4120 1423 4184 ueni

194 4238 226 4295 et
248 4254 310 4315 quo
332 4229 414 4294 uado
437 4252 492 4294 uos
516 4238 631 4292 autem.
650 4226 780 4291 nescitis
813 4225 898 4289 unde
932 4224 1026 4288 uenio
1060 4232 1091 4286 ot
1125 4246 1187 4308 quo
1220 4221 1425 4287 uado¹⁶uos

194 4334 364 4400 secuudum
388 4337 483 4396 carne
505 4328 652 4396 iudicatis
675 4351 732 4412 ego
762 4327 866 4391 iudico
896 4325 1053 4390 nemiuem
1074 4323 1101 4362 ¹⁶
1116 4336 1148 4388 et
1176 4324 1203 4389 si
1232 4323 1336 4388 iudico
1365 4345 1425 4406 ego

193 4436 345 4502 iudicium
369 4459 473 4501 meum
496 4457 607 4497 uerum
632 4437 680 4496 est
702 4430 777 4515 quia
799 4430 885 4494 solus
907 4451 969 4492 non
993 4451 1063 4491 sum
1085 4427 1139 4492 sed
1162 4450 1220 4510 ego
1243 4433 1275 4490 et
1296 4424 1349 4510 qui
1368 4425 1423 4488 mi·

193 4539 234 4603 sit
256 4563 307 4603 me
329 4544 427 4623 pater.
440 4536 512 4600 ¹⁷et
533 4534 566 4598 in
589 4534 658 4618 lege
680 4541 786 4598 uestra
809 4530 928 4617 scriptia
954 4539 1001 4595 est
1019 4529 1093 4614 quia
1108 4529 1241 4594 duorum
1256 4527 1420 4592 hominum

192 4639 410 4706 testimonium
433 4662 543 4704 uerum
568 4642 623 4700 est.
639 4634 666 4672 ¹⁸
677 4657 735 4719 ego
761 4657 829 4699 sum
861 4633 916 4718 qui
950 4631 1163 4698 testimonium
1199 4629 1349 4716 perhibeo
1383 4629 1425 4694 de
