3467 5192
721 263 848 318 marcum
872 265 909 330 (c.
930 265 970 330 2).
1396 265 1462 329 105
1555 227 1564 238 ἱ

231 436 453 501 adsumentum
475 458 594 500 nouum
616 435 713 521 panni
735 435 840 500 adsuit
860 435 1052 502 uestimento
1074 433 1177 500 ueteri
1203 433 1345 520 alioquin
1375 435 1458 500 tollit

231 539 486 625 supplementum
508 559 626 602 nouum
650 560 669 602 a
690 537 791 603 ueteri
814 543 846 603 et
868 538 969 603 maior
989 540 1025 603 fit
1048 536 1190 602 scissura.
1236 535 1264 573 ²²
1305 537 1352 602 Et
1364 560 1461 602 nemo

231 640 330 707 mittit
350 639 461 705 uinum
489 663 607 706 nouum
640 639 674 704 in
706 645 793 706 utres
825 646 951 706 ueteres
984 637 1125 725 alioquin
1159 637 1312 725 dirumpit
1345 637 1458 705 uinum

231 749 317 810 utres
339 749 371 808 et
392 743 503 807 uinum
525 749 566 808 et
579 747 664 807 utres
685 741 842 828 peribunt.

316 845 394 910 VH.
441 843 467 881 ²³
510 845 647 911 Factum
679 851 728 911 est
760 852 867 910 autem
899 844 1016 911 iterum
1047 869 1119 910 eum
1153 843 1291 926 sabbatis
1322 843 1461 910 transire

230 967 286 1034 per
307 953 445 1032 segetem
467 945 614 1032 discipuli
636 970 711 1013 uero
735 947 804 1014 eius
826 954 998 1033 coeperunt
1021 947 1140 1013 uellere
1170 946 1272 1033 spicas
1306 953 1339 1012 et
1367 970 1456 1010 man·

232 1049 355 1116 ducere.
401 1047 429 1086 ²⁴
471 1049 639 1115 Pharisaei
655 1059 761 1116 autem
776 1050 950 1133 diceba(n)t
960 1049 999 1116 ei.
1012 1072 1086 1116 ecce
1097 1050 1173 1136 quid
1184 1049 1306 1115 faciunt
1320 1047 1461 1115 sabbatis

231 1153 314 1238 quod
336 1175 398 1217 non
421 1151 497 1219 licet
519 1151 565 1217 eis
578 1149 649 1219 ²⁵et
672 1152 754 1219 dixit
775 1153 840 1218 illis
862 1175 922 1218 nec
943 1154 1004 1218 hoc
1024 1152 1146 1238 legistis
1168 1151 1247 1237 quid
1270 1151 1381 1218 fecerit
1406 1151 1456 1216 da·

230 1245 295 1319 uid'
308 1277 377 1320 cum
401 1253 621 1320 necessitatem
643 1255 755 1322 hahuit
777 1263 809 1321 et
831 1254 943 1321 esuriit
964 1255 1032 1342 ipse
1054 1255 1164 1340 etqui
1186 1281 1257 1322 cum
1284 1255 1340 1320 illo
1366 1261 1457 1318 erant

232 1356 424 1443 “quomodo
446 1356 592 1423 introiuit
614 1356 648 1422 in
670 1357 798 1423 domum
821 1359 856 1422 di
878 1365 911 1424 et
931 1358 1138 1423 manducauit
1158 1381 1255 1444 panes
1274 1355 1460 1444 propositio

230 1459 280 1526 nis
309 1466 342 1525 et
363 1459 450 1525 dedit
471 1458 517 1524 eis
540 1459 594 1544 qui
617 1483 688 1526 cum
711 1460 766 1526 illo
797 1468 888 1527 erant
915 1483 993 1545 quos
1025 1482 1089 1524 non
1121 1460 1237 1527 licebat
1268 1460 1461 1526 manducare

230 1562 291 1629 nisi
313 1561 535 1628 sacerdotibus.
581 1561 608 1600 ²⁸
651 1561 733 1629 Dico
767 1571 873 1630 eutem
899 1563 990 1629 uobis
1021 1564 1105 1628 filius
1138 1563 1277 1629 hominis
1308 1563 1377 1628 dms
1409 1569 1458 1628 est

231 1666 326 1732 etiam
352 1664 482 1730 sabbati.

315 1767 413 1834 VHI.
436 1766 472 1851 (c.
498 1769 530 1848 3)
575 1767 587 1804 ¹
631 1769 676 1833 Et
697 1766 821 1834 introiit
843 1767 960 1833 iterum
981 1768 1016 1833 in
1038 1791 1229 1855 synagogam
1255 1775 1289 1835 et
1319 1775 1386 1834 erat
1412 1767 1457 1834 ibi

171 1859 173 1862 ⁵
230 1871 324 1936 homo
345 1871 465 1935 habens
487 1893 617 1934 manum
639 1869 769 1936 aridam.
816 1869 828 1907 ²
871 1871 916 1937 Elt
938 1871 1147 1936 obseruabant
1175 1894 1248 1936 eum
1271 1871 1298 1937 si
1320 1870 1461 1937 sabbatis

230 1982 376 2038 curarent
386 1975 420 2053 (l)
443 1978 480 2038 ut
501 1973 688 2038 adcusarent
712 1996 793 2038 eum.
840 1971 852 2009 ³
895 1974 941 2038 Et
966 1973 1012 2040 ait
1029 1973 1081 2039 ihs
1103 1972 1224 2039 homini
1247 1975 1302 2059 qui
1324 1975 1460 2039 habebat

229 2098 359 2140 manum
381 2075 501 2140 aridam
524 2098 616 2160 surge
638 2075 672 2140 in
695 2075 844 2142 medium.
890 2076 905 2113 ⁴
950 2077 992 2140 ht
1013 2075 1059 2141 ait
1081 2076 1120 2140 ad
1143 2075 1215 2142 illos
1236 2075 1289 2141 ihs
1303 2076 1379 2141 licet
1392 2078 1459 2140 sab-

229 2178 311 2243 batis
332 2177 517 2243 benefacere
539 2201 580 2243 an
602 2178 686 2243 male
708 2178 847 2243 animam
869 2179 991 2243 saluam
1013 2177 1118 2243 facera
1138 2202 1179 2244 an
1199 2181 1339 2265 perdere.
1355 2178 1394 2244 ad
1409 2178 1459 2242 illi

229 2281 384 2346 tacebant.
399 2278 457 2346 ¹5et
478 2279 734 2367 circumspiciens
757 2303 809 2346 eos
832 2303 903 2347 cum
934 2279 1153 2365 indignatione
1182 2281 1383 2346 contristatus
1409 2288 1459 2355 est

229 2406 323 2469 super
344 2383 435 2448 illum
457 2390 490 2448 et
512 2389 654 2448 emortua
676 2383 803 2448 illorum
822 2382 916 2449 corda
930 2382 1013 2448 dixit
1028 2382 1159 2449 homini.
1177 2384 1312 2450 extende
1326 2406 1457 2448 manum

229 2492 327 2552 tuam.
351 2493 383 2552 et
405 2485 548 2550 extendit
564 2492 596 2550 et
613 2485 760 2551 restituta
775 2491 823 2551 est
838 2508 953 2550 manus
972 2485 1040 2551 eius
1055 2485 1171 2552 statim.
1207 2485 1221 2524 ⁶
1252 2488 1297 2552 Et
1311 2484 1459 2552 exierunt

228 2588 387 2674 pharisaei
409 2613 479 2654 cum
511 2587 692 2653 herodianis
726 2587 892 2654 consilium
926 2587 1085 2654 faciebant
1119 2588 1270 2654 aduersus
1310 2611 1383 2653 eum
1420 2594 1458 2653 ut

228 2692 318 2756 illurn
340 2693 517 2776 perderent.
532 2690 606 2754 lihs
629 2697 735 2756 autem
758 2690 888 2756 secessit
910 2713 982 2756 cum
1004 2690 1168 2777 discipulis
1196 2691 1263 2757 suis
1291 2691 1330 2755 ad
1360 2713 1455 2754 mare.

228 2795 273 2859 Et
293 2795 386 2860 turba
407 2793 507 2858 multa
533 2817 551 2857 a
583 2793 716 2878 galilaea
747 2801 779 2860 et
811 2791 995 2859 iudaea⁸et
1027 2795 1067 2859 ab
1100 2781 1336 2879 hierosolymis¹
1354 2801 1386 2859 et
1417 2795 1460 2859 ab

228 2895 375 2960 idumaea
397 2903 428 2962 et
450 2904 536 2962 trans
559 2896 722 2961 iordanem
745 2902 777 2960 et
799 2897 837 2961 de
859 2895 943 2962 circa
973 2904 1081 2982 tyrum
1108 2902 1140 2960 et
1173 2896 1315 2962 sidonem
1349 2895 1456 2961 multi·

228 2998 305 3063 tudo
327 3021 442 3082 magna
463 2999 628 3064 audientes
651 3021 732 3083 quae
754 2996 891 3065 faciebat
911 3006 1070 3064 uenerunt
1092 2999 1133 3063 ad
1156 3022 1238 3064 eum.

313 3100 377 3165 IX.
407 3099 419 3138 ⁹
445 3102 488 3166 Et
510 3101 592 3166 dixit
606 3100 657 3165 ihs
673 3100 834 3187 discipulis
850 3101 916 3167 suis
931 3109 968 3166 ut
982 3100 1163 3167 nauiculam
1180 3099 1238 3166 sibi
1255 3100 1461 3186 prociderent.

228 3212 356 3290 propter
375 3205 500 3269 turbam
522 3227 563 3269 ne
586 3203 818 3290 conprimerent
840 3227 913 3269 eum
936 3203 1117 3270 multitudo.
1163 3201 1190 3240 ¹⁰
1232 3205 1351 3269 Multos
1370 3204 1455 3269 enim

228 3305 353 3371 sanauit
376 3306 420 3372 ita
443 3313 478 3372 ut
499 3305 656 3372 irruerent
677 3305 712 3371 in
733 3329 806 3371 eum
829 3317 866 3372 ut
888 3306 980 3370 illum
1002 3313 1170 3392 tangerent
1192 3306 1362 3392 quodquod
1401 3308 1457 3373 ha·

228 3409 369 3489 beba(n)t
391 3409 506 3495 plagas.
522 3408 547 3444 ¹¹
560 3409 614 3473 sed
632 3416 664 3475 et
679 3413 732 3494 sps
744 3408 891 3474 inmundi
903 3433 973 3475 cum
986 3409 1077 3473 illum
1092 3408 1240 3475 uiderent
1253 3409 1459 3495 procidebant

229 3511 259 3576 ei
282 3520 314 3578 et
335 3511 554 3577 exclamabant
576 3510 807 3578 dicentes¹²tu
829 3535 862 3578 es
884 3513 969 3577 filius
996 3512 1038 3576 di.
1073 3520 1105 3576 et
1138 3511 1378 3577 conminabatur
1410 3511 1456 3576 eis

228 3638 268 3679 ne
291 3632 364 3680 eum
387 3613 591 3679 manifestare
613 3615 756 3680 sciebant
777 3614 862 3680 enim
886 3637 969 3678 eum.
1016 3612 1043 3651 1³
1085 3614 1130 3678 Et
1152 3613 1294 3680 ascendit
1316 3615 1349 3679 in
1372 3637 1458 3678 mon-

228 3730 291 3784 tem
314 3723 347 3782 et
367 3716 495 3783 uocauit
518 3716 556 3782 ad
579 3739 613 3782 se
635 3739 715 3801 quos
742 3715 845 3782 uoluit
874 3715 943 3803 ipse
976 3722 1009 3781 et
1041 3722 1199 3781 uenerunt
1231 3716 1270 3781 td
1303 3739 1384 3781 eum.
1431 3715 1462 3753 ¹4

227 3821 272 3886 Et
293 3818 368 3885 fecit
390 3825 426 3884 ut
447 3823 552 3884 essent
572 3819 738 3884 duodecim
761 3842 832 3884 cum
854 3818 910 3883 illo
937 3823 973 3884 ut
1004 3818 1148 3883 mitteret
1180 3818 1251 3884 illos
1284 3818 1455 3904 predicare.

230 3922 256 3960 ¹⁵
267 3930 299 3988 et
321 3922 408 3987 dedit
430 3921 493 3986 illis
518 3927 705 4008 potestatem
729 3921 860 3987 curandi
889 3921 1090 3986 ualetudines
1124 3928 1157 3986 et
1179 3920 1327 3987 eiiciendi
1350 3921 1457 3986 demo-

227 4024 290 4090 nia.
303 4023 372 4091 ¹⁶et
393 4028 498 4109 posuit
519 4046 634 4089 nomen
657 4023 772 4090 simoni
794 4034 921 4110 petrum
935 4023 1006 4089 ¹let
1029 4024 1175 4088 iacobum
1192 4023 1340 4088 zebedaei
1362 4032 1394 4089 et
1415 4024 1456 4088 io·

228 4133 362 4192 hannem
386 4126 515 4192 fratrem
531 4125 643 4192 iacobi.
676 4127 724 4191 Et
736 4125 877 4212 inposuit
892 4126 957 4191 illis
971 4125 1101 4191 nomina
1115 4127 1309 4210 boanergens
1319 4127 1356 4205 (l)
1373 4127 1458 4210 quod

229 4238 274 4295 est
296 4228 355 4294 filii
377 4228 510 4294 tonitrui
524 4228 550 4266 ¹⁸
562 4238 594 4295 et
615 4230 788 4294 andreham
801 4228 836 4313 (l)
866 4236 900 4294 et
931 4228 1108 4315 philippum
1133 4235 1165 4294 et
1187 4228 1459 4294 bartholomaeum

228 4339 260 4397 et
281 4332 477 4398 matthaeum
499 4340 532 4397 et
560 4332 699 4398 thomam
735 4339 766 4398 et
799 4331 944 4397 iacobum
978 4330 1082 4415 alphei
1116 4337 1148 4396 et
1179 4333 1326 4397 lebbeum
1350 4339 1382 4396 et
1414 4331 1456 4395 si·

227 4458 353 4500 monem
376 4435 572 4500 chananeum
587 4433 658 4499 ¹⁹et
680 4433 788 4498 iudam
811 4433 949 4500 scarioth
972 4433 1028 4518 qui
1050 4441 1083 4498 et
1104 4434 1234 4500 tradidit
1256 4435 1356 4500 illum.

311 4537 358 4601 X.
404 4535 431 4573 ²⁰
474 4537 518 4601 Et
539 4535 684 4601 introiuit
706 4535 740 4600 in
763 4537 892 4601 domum
914 4544 947 4602 et
969 4535 1121 4602 conuenit
1152 4536 1267 4602 iterum
1297 4532 1389 4603 turba
1417 4538 1459 4601 ad·

228 4641 293 4704 ihm
316 4640 363 4706 ita
384 4648 420 4705 ut
441 4663 503 4705 non
526 4649 632 4725 posset
654 4637 844 4702 manducare
866 4661 990 4724 panem.
1036 4636 1063 4673 ²¹
1118 4640 1261 4705 Etcum
1295 4639 1459 4705 audissent
