3467 5192
699 1130 959 1226 Appendix

296 1262 403 1318 codicis
421 1263 452 1318 Ρ
470 1263 646 1320 corbeiensis
664 1264 699 1318 at
717 1263 836 1320 totauno
856 1238 989 1319 Balaneion
1008 1260 1073 1315 editi
1092 1258 1265 1315 christiania
1285 1258 1364 1315 1887.

287 1401 377 1470 Quum
396 1402 463 1456 mihi
480 1407 610 1456 autumno
629 1403 692 1456 anni
712 1403 778 1456 1885
796 1400 912 1456 Parisiis
930 1398 1105 1455 commoranti
1123 1399 1206 1452 codex
1224 1398 1253 1451 l’
1271 1396 1443 1453 corbeiensis

217 1486 246 1539 in
264 1502 359 1540 manus
382 1487 510 1548 venisset,
538 1488 616 1541 valde
634 1487 786 1541 desideravi
815 1487 940 1554 equidem
965 1486 1024 1541 eius
1043 1484 1141 1539 codicia
1161 1489 1314 1538 accuratam
1333 1482 1444 1550 suisque

217 1572 336 1632 numeris
354 1573 516 1645 absolutam*
527 1574 671 1628 editionem
690 1590 794 1642 parare.
832 1573 886 1628 Sed
903 1588 984 1639 quum
997 1572 1032 1625 ad
1043 1571 1093 1624 hoc
1104 1586 1170 1637 opus
1187 1569 1240 1623 rite
1252 1568 1444 1637 perficiendum

217 1672 283 1725 opus
301 1658 400 1713 fuisset
422 1658 538 1714 Parisiis
557 1666 612 1713 tres
630 1675 736 1714 menses
754 1660 861 1728 degere,
885 1674 935 1726 ego
953 1663 1043 1711 eutem
1062 1657 1116 1711 iam
1133 1661 1195 1724 post
1213 1654 1366 1722 quindecim
1385 1653 1443 1708 dies

216 1741 292 1796 illam
311 1745 421 1799 aurbem
438 1745 591 1812 relinquere
610 1761 727 1814 cogerer,
751 1745 820 1799 nihil
838 1745 913 1799 aliud
942 1744 1029 1798 facere
1054 1741 1131 1811 potui
1149 1757 1228 1809 quam
1248 1739 1365 1795 codicem
1383 1754 1443 1793 cum

217 1828 336 1883 editione
354 1830 468 1897 quadam
487 1831 615 1899 Vulgatae
633 1831 751 1885 minimae
769 1831 871 1897 formae,
891 1846 950 1897 quae
968 1829 1035 1884 mihi
1051 1829 1085 1882 ad
1098 1843 1205 1882 manum
1221 1835 1290 1895 erat,
1310 1825 1439 1886 conferre,

221 1918 248 1966 et
266 1913 294 1967 in
312 1915 362 1969 hoo
379 1915 447 1969 libro
471 1922 530 1970 tum
552 1916 640 1970 delere
663 1932 722 1983 quae
739 1916 853 1970 delenda
871 1920 957 1977 erant,
982 1920 1040 1970 tum
1066 1915 1096 1969 in
1123 1919 1241 1983 anguste
1265 1912 1387 1980 margine
1411 1926 1444 1964 ex

219 1998 310 2052 codice
328 1998 477 2055 adscribere
495 2000 680 2063 adscribenda,
699 2001 804 2069 talique
822 2003 900 2055 modo
920 2001 1063 2056 editionem
1084 1999 1182 2055 codicia
1195 1999 1271 2068 parvi
1284 1997 1365 2066 pretii
1383 2012 1442 2050 con-

218 2083 305 2138 ficere.
340 2086 383 2139 Sic
401 2091 489 2140 autem
509 2087 592 2142 nimis
610 2089 691 2143 facile
709 2089 768 2143 fieri
785 2089 884 2158 potuit,
904 2095 937 2144 ut
954 2089 1066 2142 mendae
1083 2087 1112 2141 in
1131 2085 1277 2140 editionem
1285 2086 1443 2152 irreperent,

219 2170 287 2236 quod
305 2170 454 2239 periculum
472 2189 520 2241 pro
536 2175 610 2229 dolor
627 2193 680 2229 non
706 2191 810 2244 semper
831 2176 942 2230 evitavi.
965 2175 1148 2244 ¹Quamquam
1173 2173 1243 2225 hano
1260 2186 1346 2224 meam
1365 2169 1442 2223 colla·

217 2255 317 2309 tionem
345 2262 474 2314 autumno
501 2261 565 2314 anni
592 2263 665 2323 1886,
692 2262 791 2317 iterum
816 2261 930 2317 Parisiis
956 2262 1046 2315 decem
1065 2260 1122 2314 dies
1147 2273 1320 2316 commorans,
1349 2254 1441 2314 revisi,

219 2346 314 2407 postea
332 2348 423 2398 tamen
441 2345 532 2412 plures
545 2348 657 2401 mendas
669 2363 748 2415 quam
770 2355 904 2416 putaram,
925 2347 1026 2401 inveni.
1064 2345 1281 2400 Desiderandnm
1294 2357 1359 2395 sane
1371 2344 1439 2400 erat,

216 2429 247 2478 ut
266 2426 332 2480 lolia
351 2427 467 2498 singula,
492 2432 647 2500 priusquam
666 2433 715 2486 hoc
733 2449 803 2488 anno
821 2433 933 2488 ineunte
950 2433 1177 2502 imprimerentur,
1203 2446 1262 2484 cum
1281 2427 1372 2482 codice
1391 2426 1441 2479 Pa·

216 2510 325 2566 risienai
344 2515 443 2570 collata
461 2523 566 2581 essent;
594 2519 642 2574 sed
659 2522 767 2574 tantum
785 2520 903 2575 laborem
922 2535 938 2574 a
956 2520 1013 2574 viro
1031 2520 1122 2587 aliquo
1139 2517 1217 2572 docto
1234 2513 1349 2568 Parisiis
1368 2509 1442 2564 habi-

216 2599 292 2651 tante
309 2603 401 2665 petere
418 2617 471 2655 non
483 2619 565 2658 ausus
576 2620 642 2658 sum.
671 2604 761 2673 Quum
773 2603 894 2659 Parisios
913 2620 1004 2660 menae
1017 2603 1094 2660 Julio
1112 2606 1161 2659 hoc
1172 2613 1242 2658 anno
1256 2601 1343 2654 denno
1356 2595 1441 2650 venis·

216 2696 281 2742 aem,
301 2685 446 2742 editionem
464 2706 549 2744 meam
568 2707 627 2745 cnm
646 2691 736 2746 codice
753 2691 867 2751 eontuli;
889 2697 917 2746 et
935 2691 1035 2746 festino
1054 2707 1125 2745 nunc
1143 2691 1171 2743 in
1189 2690 1241 2744 hec
1253 2682 1400 2754 appendice
1414 2686 1443 2734 et

216 2770 392 2827 correctiones
409 2772 685 2846 interpolationesque
713 2793 747 2831 ex
772 2777 896 2846 Vulgata
913 2776 1061 2832 recentiore
1080 2793 1161 2831 manu
1173 2775 1267 2830 iactas
1285 2771 1393 2843 plenius
1411 2767 1445 2821 si.

214 2855 353 2922 epitome,
373 2875 452 2926 quam
472 2866 536 2916 tunc
555 2863 676 2917 consulto
695 2862 723 2918 in
741 2863 860 2918 editione
878 2862 941 2931 feci,
961 2868 989 2917 et
1007 2863 1118 2919 mendas
1135 2864 1262 2917 inventas
1279 2865 1383 2916 notare·

283 2942 374 2997 (lodex
391 2944 458 2999 locis
476 2946 571 3001 multis
588 2947 757 3016 perdifficilia
775 2952 817 3003 eat
834 2948 915 3009 lectu,
936 2948 1075 3023 scriptura,
1086 2965 1258 3018 paeneerasa,
1278 2962 1360 3016 quare
1372 2945 1444 2999 locos

214 3029 357 3084 nonnullos
383 3032 509 3087 mendose
534 3033 598 3103 legi,
629 3051 673 3089 ex.
700 3051 741 3105 gr.
770 3036 802 3089 de
826 3052 900 3090 como
926 3037 986 3104 (pro
1004 3037 1037 3090 de
1055 3035 1144 3102 domo)
1162 3034 1264 3088 Matth.
1283 3035 1326 3099 13,
1346 3034 1360 3085 1
1379 3030 1441 3100 (ef.

214 3116 399 3182 praefationem
416 3134 478 3186 pag.
496 3120 523 3174 V
541 3121 570 3173 in
589 3121 734 3188 specimine
753 3121 786 3175 ad
805 3121 974 3188 sinistram);
1003 3137 1073 3189 saepe
1092 3120 1204 3174 difficile
1222 3124 1263 3174 est
1281 3119 1441 3177 discernere,

214 3206 304 3264 utrum
323 3202 434 3256 uerbum
453 3205 562 3271 aliquod
580 3222 661 3261 manu
678 3207 766 3275 prima
784 3223 817 3260 an
842 3208 992 3261 recentiore
1015 3205 1133 3260 deletum
1152 3206 1198 3259 ait.
1219 3203 1361 3260 Lectiones
1378 3211 1444 3258 non·
1547 3272 1550 3277 Ι

214 3288 306 3342 nullae
331 3304 364 3343 ex
391 3288 515 3358 Vulgata
540 3291 568 3344 in
592 3291 738 3347 editionem
762 3291 861 3347 codicis
879 3293 987 3360 irrepta
1005 3298 1078 3346 sunt.
1115 3291 1231 3345 Mandas
1249 3306 1309 3358 quae
1327 3295 1443 3345 tantum·

215 3375 291 3428 modo
308 3375 343 3428 ad
362 3376 580 3444 orthographiam
597 3379 744 3446 pertinent,
772 3396 815 3434 ex.
834 3396 877 3448 gr.
897 3379 998 3448 accipio
1017 3395 1064 3447 pro
1082 3378 1187 3446 adcipio
1205 3394 1258 3431 non
1277 3393 1383 3445 semper
1399 3377 1445 3432 hic

215 3461 375 3530 significavi.
412 3463 529 3518 Nomina
547 3466 652 3522 diverse
670 3468 770 3536 scripta
788 3471 860 3529 sunt,
880 3483 921 3522 ex.
941 3483 983 3535 gr.
1003 3465 1119 3520 samaria
1136 3470 1166 3518 et
1183 3463 1336 3524 sammaria,
1357 3461 1442 3517 hiero·

214 3548 310 3602 solima
328 3555 355 3602 et
373 3548 559 3620 iherosolima3
580 3553 663 3606 talem
681 3553 868 3607 diversitatem
878 3553 1018 3620 scriptura
1036 3550 1173 3605 nominum
1191 3565 1245 3603 non
1264 3563 1369 3616 semper
1386 3548 1443 3616 dig-

213 3649 275 3687 nam
294 3651 352 3702 quae
371 3635 591 3704 significarentur
608 3639 712 3706 putavi.

282 3721 325 3775 Ad
342 3721 527 3788 praefationem
546 3723 595 3778 hoc
612 3725 760 3779 notandum
778 3731 833 3781 est:
874 3725 996 3780 Primum
1014 3725 1062 3778 hoc
1081 3722 1169 3778 codice
1187 3722 1275 3777 multa
1287 3722 1367 3789 signa
1379 3727 1442 3775 aeta-

214 3807 251 3860 tis
269 3811 378 3862 remotae
404 3806 541 3863 invenisse
561 3808 635 3863 mihi
661 3810 736 3865 visus
764 3827 831 3872 sum,
860 3827 942 3879 quere
968 3797 1064 3879 putavi
1088 3811 1159 3863 hunc
1185 3807 1301 3863 codicem
1327 3806 1443 3861 forsitan

214 3893 311 3947 saeculo
329 3893 423 3960 quinto
448 3895 491 3948 vel
517 3900 593 3950 sexto
617 3896 748 3965 scriptum
767 3913 832 3952 esse.
868 3897 1016 3965 Postquam
1043 3902 1133 3951 autem
1157 3893 1337 3949 animadverti
1354 3893 1443 3948 virum

216 3977 401 4034 doctissimum
420 3981 584 4048 Leopoldum
607 3980 721 4042 Delisle,
741 3981 898 4050 praefeotum
916 3982 1085 4036 bibliothece
1102 3979 1251 4037 nationalis
1269 3978 1440 4041 Parisiensis,

216 4067 244 4117 et
262 4063 330 4118 alios
348 4063 420 4119 viros
438 4066 530 4120 doctos
553 4066 669 4120 codicem
697 4065 811 4134 septimo
830 4067 928 4121 saeculo
947 4067 1077 4135 scriptum
1096 4067 1264 4125 existimare,
1284 4067 1354 4119 hanc
1373 4080 1442 4131 quae·

216 4149 339 4211 ationem,
360 4166 392 4204 ex
410 4151 535 4218 opinione
558 4167 618 4206 mee
635 4168 688 4206 non
706 4151 798 4220 magni
821 4152 958 4213 momenti,
986 4153 1015 4206 in
1039 4153 1119 4208 dubio
1143 4152 1274 4219 relinquo.
1310 4151 1443 4205 Numeros

216 4235 434 4302 quaterinionum
459 4237 560 4291 codicis
578 4244 627 4292 aut
644 4237 763 4305 vestigia
781 4252 953 4291 numerorum
971 4253 1043 4293 nunc
1060 4238 1330 4307 inveni3sequentes:
1367 4236 1442 4291 IV-

214 4320 284 4390 VIl3
304 4320 517 4391 VHll—X1H3
537 4323 760 4390 xv-XV11H3
780 4323 1003 4380 XXI—XXVII
1022 4324 1051 4378 in
1071 4325 1144 4379 foliis
1163 4329 1187 4393 8,
1207 4323 1313 4395 refrt,
1334 4327 1375 4381 32,
1397 4325 1441 4383 48,

215 4403 258 4467 55,
278 4407 320 4468 ea,
341 4409 382 4468 11,
404 4409 461 4469 100,
483 4410 540 4470 roa,
562 4401 619 4470 1'16,
642 4412 697 4478 121,
717 4412 775 4470 131,
797 4410 854 4470 145,
878 4410 935 4470 155,
957 4413 1014 4469 roa,
1036 4411 1095 4480 169,
1117 4414 1173 4476 mv,
1193 4411 1245 4464 rao
1262 4409 1372 4465 monis.

285 4508 458 4566 Christiania
476 4527 567 4565 mense
587 4513 713 4580 Augusto
734 4513 808 4566 1887.

1178 4582 1205 4637 J.
1224 4582 1372 4639 Belslreim.

698 4687 953 4696 Μ
