3467 5192
691 268 845 324 iohannem
863 269 900 336 (c.
919 271 959 334 6).
1346 335 1350 343 ,
1393 274 1435 338 37

210 438 307 521 ciunt]
330 447 367 504 ut
389 439 607 525 unusquisque
630 439 788 505 modicum
811 439 957 526 adcipiat.
978 438 1085 506 ⁸dicit
1105 465 1187 506 unus
1210 466 1251 506 ex
1273 442 1436 529 discipulis

210 539 278 604 eius
300 541 432 607 andreas
454 542 551 606 frater
572 541 703 632 simonis
731 542 821 627 petri.
840 541 852 580 ⁹
872 548 919 608 est
952 542 1005 608 hic
1038 565 1117 628 puer
1149 567 1232 609 unus
1265 546 1320 628 qui
1342 546 1438 611 habet

210 642 351 729 quinque
372 667 469 730 panes
492 643 667 709 hordiacios
690 650 722 708 et
743 645 821 710 duos
843 645 945 730 pisces
968 645 1021 709 sed
1045 646 1123 710 haec
1151 646 1228 730 quid
1251 656 1326 711 sunt
1354 647 1439 714 inter

209 750 313 811 tantos
339 745 491 811 homines.
545 744 572 782 ¹⁰
627 746 721 811 Dixit
753 770 826 831 ergo
860 748 912 810 ihs
935 746 1028 812 facite
1063 748 1208 813 homines
1240 750 1437 816 discunbere.

209 856 276 912 erat
297 859 405 913 autem
436 848 542 914 fenum
575 848 710 913 multum
742 847 775 912 in
809 848 864 913 illo
898 849 974 914 loco.
1010 849 1237 916 discubuerunt
1268 874 1342 935 erge
1375 851 1438 916 uiri

208 973 340 1015 numero
362 950 452 1036 quasi
475 950 615 1036 quinque
638 950 748 1015 millia.
794 949 820 987 ²¹
864 951 1005 1038 Adcepit
1026 976 1099 1038 ergo
1123 975 1220 1038 panes
1243 951 1295 1016 ihs
1318 963 1435 1019 etcum

207 1053 324 1136 gratias
347 1051 463 1138 egisset
484 1053 646 1119 distribuit
671 1053 956 1134 [discumbentibus
977 1053 1136 1132 similiter]
1166 1059 1198 1120 et
1227 1078 1267 1119 ex
1297 1054 1436 1141 piscibus

211 1161 364 1239 quantum
386 1154 623 1222 uolebant¹²ut
645 1161 720 1221 autc
743 1155 875 1221 saturati
899 1164 972 1221 sunt
994 1155 1073 1222 dicit
1098 1155 1150 1220 ihs
1177 1155 1339 1242 discipulis
1372 1156 1438 1222 suis

209 1255 348 1342 colligite
371 1280 452 1342 quae
475 1265 705 1345 superauerunt
725 1257 883 1344 fragmdta
904 1282 945 1324 ne
965 1265 1105 1345 pereant.
1120 1256 1145 1295 ¹³
1158 1259 1352 1344 collegerunt
1363 1283 1438 1343 ergo

209 1365 241 1426 ct
262 1359 434 1446 implerunt
456 1360 618 1426 duodecim
643 1362 759 1426 cofinos
783 1360 1032 1445 fragmentorum
1060 1384 1101 1424 ex
1129 1359 1191 1426 illis
1217 1360 1358 1446 quinque
1385 1385 1438 1447 pa·

209 1461 302 1527 nibus
325 1462 500 1528 hordiaceis
523 1486 603 1548 quae
626 1462 847 1549 superfuerant
868 1463 919 1527 his
942 1463 998 1548 qui
1020 1463 1295 1528 manducauerant.
1325 1462 1352 1499 ¹⁴
1382 1463 1437 1528 Illi

209 1588 283 1650 ergo
305 1564 449 1630 homines
472 1589 545 1656 cum
566 1565 722 1630 uidissent
744 1565 826 1650 quod
851 1565 903 1630 ihs
925 1564 1044 1631 fecerat
1058 1565 1187 1651 signnm
1203 1565 1349 1650 dicebant
1363 1565 1439 1650 quia

209 1691 283 1732 uere
307 1659 530 1752 prophetaest
552 1667 661 1752 quiin
683 1669 767 1732 huno
797 1668 949 1731 mundum
973 1667 1072 1733 uenit.
1120 1657 1168 1706 ¹⁵*
1194 1667 1252 1730 Iba
1279 1691 1351 1752 ergo
1367 1691 1438 1733 cum

210 1769 409 1854 cognouisset
430 1769 507 1855 quia
534 1768 693 1855 incipiunt
721 1769 831 1834 uenire
859 1778 892 1835 et
918 1793 1027 1856 rapere
1061 1794 1136 1834 eum
1157 1778 1193 1834 ut
1214 1769 1333 1835 faciant
1364 1795 1436 1835 eum

208 1895 313 1957 regem
339 1870 421 1955 fugit
442 1871 477 1936 in
500 1880 640 1937 montem
663 1871 777 1936 iterum
802 1873 895 1937 solus.
915 1871 943 1910 ¹⁶
963 1871 1045 1937 Oum
1058 1878 1164 1937 autem
1176 1894 1245 1936 sero
1257 1872 1375 1938 factum
1391 1883 1440 1937 est

209 1975 439 2039 descenderunt
460 1972 607 2060 discipuli
630 1973 759 2038 eiusad
783 1998 878 2039 mare.
924 1974 952 2013 ¹⁷
995 1975 1039 2040 Et
1061 1998 1132 2039 curn
1155 1975 1369 2040 ascendissent
1383 1999 1437 2039 na·

209 2076 275 2140 uim
300 2075 467 2140 uenierunt
489 2084 575 2141 trans
598 2076 738 2141 marein
769 2077 949 2162 capharnail
968 2086 999 2142 et
1022 2078 1170 2142 tenebrae
1192 2077 1255 2141 iam
1279 2078 1393 2142 factam
1402 2081 1437 2157 (1)

210 2187 299 2244 erant
322 2184 353 2242 et
375 2202 438 2242 nou
461 2188 591 2261 venerat
613 2179 651 2242 ad
675 2202 728 2243 eos
750 2179 811 2244 ihs.
827 2177 951 2243 ¹⁸mare
974 2186 1078 2244 autem
1102 2187 1198 2244 uento
1215 2203 1327 2264 magno
1342 2180 1438 2244 flante

210 2282 392 2365 exurgebat.
439 2278 467 2317 ¹⁹
511 2278 593 2344 (lum
618 2281 802 2365 remigasset
823 2287 898 2345 autb
917 2280 1008 2365 quasi
1024 2281 1125 2347 stadia
1142 2281 1255 2365 uiginti
1274 2281 1437 2367 [quinque]

208 2389 260 2447 uel
282 2382 413 2467 triginta
434 2381 545 2447 uident
568 2382 634 2446 ihr'rl
658 2384 872 2448 ambulantem
895 2406 990 2468 supra
1011 2406 1096 2447 mare
1120 2392 1151 2447 et
1166 2383 1345 2468 proximum
1363 2384 1438 2447 naui

208 2485 276 2549 fieri
300 2495 331 2550 et
354 2479 537 2550 timuerunt.
584 2483 611 2522 ²⁰
643 2484 705 2550 Ille
728 2491 832 2549 autem
857 2485 935 2549 dicit
958 2485 1013 2550 eis.
1038 2485 1136 2549 nolite
1156 2485 1268 2550 timere
1284 2508 1340 2568 ego
1356 2508 1435 2550 sum.

209 2586 235 2624 ²¹
279 2587 459 2652 Uoluerunt
482 2610 555 2671 ergo
578 2587 721 2673 adcipere
746 2611 817 2652 eum
841 2586 875 2650 in
894 2589 1002 2651 neuim
1019 2597 1051 2653 et
1066 2586 1232 2652 confestim
1247 2588 1339 2652 nauis
1353 2586 1438 2652 tacta

209 2694 256 2754 est
278 2690 316 2753 ad
338 2696 453 2754 terram
478 2712 571 2773 quam
595 2691 693 2754 ibant.
739 2689 766 2725 ²2
810 2690 924 2753 Altera
946 2690 997 2754 die
1021 2692 1112 2755 turba
1134 2712 1217 2776 quac
1232 2691 1335 2754 stabat
1350 2698 1437 2753 trans

209 2815 294 2856 mare
316 2791 399 2856 uidit
421 2791 496 2876 quia
518 2790 665 2856 nauicula
688 2791 750 2856 alia
772 2815 834 2854 nou
859 2800 928 2856 erat
949 2791 993 2858 ibi
1020 2792 1080 2856 nisi
1109 2815 1172 2856 una
1199 2802 1230 2856 et
1265 2782 1340 2876 quia
1372 2813 1436 2855 non

208 2894 369 2959 introisset
390 2893 441 2957 ihs
464 2893 559 2958 simul
581 2916 651 2958 cum
670 2893 838 2979 'discipulis
867 2893 935 2958 suis
961 2895 995 2958 in
1024 2893 1131 2958 nanim
1165 2894 1218 2959 sed
1251 2893 1309 2958 soli
1340 2893 1431 2958 disci-

197 2996 277 3082 puli
301 2995 368 3061 eius
392 2995 566 3075 [abiissent]
581 2994 699 3059 ²³aliae
722 3018 797 3060 uero
819 3004 1073 3080 superuenerunt
1099 3019 1197 3059 naues
1232 3019 1250 3058 a
1280 2994 1433 3059 tiberiade

209 3099 300 3162 iuxta
322 3099 427 3162 locum
455 3098 510 3162 ubi
542 3097 811 3162 manducauerant
841 3121 955 3183 panem
989 3121 1083 3182 quem
1113 3098 1341 3162 benedixerant
1368 3097 1438 3157 dms

210 3199 336 3284 [gratias
359 3207 471 3284 agente
501 3200 638 3281 domino]
663 3197 691 3234 2⁴
707 3221 778 3264 cum
802 3223 876 3284 ergo
904 3198 1035 3264 uidisset
1065 3200 1156 3263 turba
1186 3199 1262 3283 quia
1294 3199 1346 3261 ihs
1374 3222 1434 3260 uon

209 3310 291 3367 essct
312 3301 356 3366 ibi
379 3325 483 3388 neque
506 3301 651 3387 discipuli
675 3301 743 3367 eius
766 3309 956 3387 acceperunt
978 3301 1038 3366 sibi
1061 3299 1226 3366 confestim
1254 3301 1435 3365 nauiculam

209 3412 241 3468 et
262 3411 420 3469 uenerunt
442 3405 653 3490 capharnaum
677 3412 864 3490 quaerentes
887 3405 963 3468 ihm.
979 3404 1006 3444 2⁵
1017 3413 1050 3470 et
1066 3429 1137 3470 cum
1150 3405 1348 3470 inuenissent
1363 3429 1434 3469 eum

208 3513 294 3572 trans
316 3530 403 3571 mare
425 3507 575 3572 dixerunt
597 3506 628 3571 ei
649 3509 737 3571 rabbi
761 3508 887 3592 quando
910 3509 972 3572 huc
998 3506 1125 3572 uenisti.
1179 3506 1206 3544 ²⁶
1259 3507 1437 3592 Respondit

208 3608 253 3672 eis
275 3609 327 3672 ihs
351 3614 382 3673 et
405 3608 495 3673 dixit.
519 3632 611 3672 anien
636 3633 727 3673 amen
750 3608 819 3674 dico
842 3608 932 3674 uobis
955 3609 1108 3693 quaeritis
1132 3633 1182 3673 me
1205 3633 1267 3674 non
1286 3608 1360 3693 quia
1391 3608 1439 3673 ui·

208 3710 298 3776 distis
321 3717 411 3795 signa
432 3711 486 3776 sed
509 3710 583 3796 quia
606 3711 818 3776 manducastis
849 3735 889 3774 ex
922 3711 1068 3796 panibus.
1088 3721 1121 3776 et
1153 3710 1284 3775 saturati
1306 3710 1392 3776 estis.
1406 3709 1434 3748 ³²

208 3813 382 3901 operamini
404 3836 468 3877 non
491 3811 564 3877 cibu
588 3812 643 3896 qui
666 3812 747 3898 perit
769 3813 824 3877 sed
847 3812 903 3898 qui
931 3821 1120 3897 permanent
1146 3813 1179 3876 in
1207 3813 1307 3878 uitam
1336 3823 1435 3877 aeter·

207 3940 278 3981 nam
304 3939 397 4000 quem
420 3915 504 3979 filius
526 3914 664 3978 hominis
692 3914 779 3979 dabit
807 3915 906 3980 uobis.
936 3915 1024 3978 hunc
1056 3914 1140 3979 enim
1176 3923 1265 4001 pater
1297 3915 1437 3999 signauit

207 4018 253 4082 ds.
268 4016 295 4054 ²⁸
306 4017 456 4082 dixerunt
478 4040 552 4101 ergo
575 4019 613 4080 ad
637 4040 717 4081 eum.
744 4017 820 4100 quid
843 4017 995 4081 faciemus
1018 4025 1054 4080 ut
1086 4040 1254 4102 operemur
1284 4041 1380 4102 opera
1402 4018 1435 4081 di

208 4118 437 4205 llrespondeus
462 4118 514 4181 ihs
537 4128 569 4182 et
591 4118 673 4182 dixit
696 4119 749 4183 eis.
772 4120 832 4183 hoc
855 4130 902 4184 est
926 4141 1004 4204 opus
1035 4120 1067 4182 di
1100 4128 1135 4182 ut
1158 4120 1291 4183 credatis
1328 4120 1360 4182 in
1396 4120 1436 4184 eil

208 4223 261 4307 qui
285 4247 336 4287 me
359 4222 446 4286 misit
467 4221 532 4284 ille.
568 4218 596 4257 ³⁰
631 4220 791 4285 Dixerunt
814 4244 888 4304 ergo
911 4220 949 4283 ei.
974 4221 1057 4305 quod
1081 4244 1155 4304 ergo
1168 4230 1202 4285 tu
1218 4220 1295 4285 facis
1311 4221 1435 4305 siguum

208 4336 243 4390 ut
265 4325 432 4389 uideamus
455 4335 486 4387 et
509 4323 671 4387 credamus
694 4323 751 4388 tibi
775 4323 851 4408 quid
882 4322 967 4386 enim
997 4322 1136 4409 operaris
1152 4321 1177 4358 ³¹
1191 4323 1306 4387 nostris
1332 4333 1437 4408 patres

207 4428 479 4492 manducauerunt
501 4448 616 4488 manna
639 4425 672 4489 in
695 4425 817 4490 deserto
840 4425 922 4490 sicut
939 4424 1090 4510 scriptum
1110 4435 1165 4490 est.
1184 4449 1296 4510 panem
1314 4425 1353 4488 de
1370 4425 1437 4488 celo

207 4529 294 4594 dedit
317 4528 363 4594 eis
385 4529 583 4593 manducare.
630 4525 657 4562 ³²
700 4527 794 4591 Dixit
816 4550 889 4611 crgo
913 4527 959 4590 eis
983 4527 1043 4590 ihs.
1067 4551 1158 4591 amen
1185 4550 1277 4590 amen
1292 4526 1362 4591 dico
1384 4549 1425 4590 uo

206 4631 253 4696 bis
279 4631 362 4713 [non]
387 4653 512 4716 moyses
535 4629 622 4694 dedit
644 4629 733 4694 uobis
756 4652 870 4715 panem
893 4629 932 4693 de
955 4630 1032 4694 caelo
1054 4629 1108 4694 sed
1144 4637 1233 4715 pater
1261 4652 1350 4693 meus
1381 4629 1436 4692 dat
