3467 5192
290 261 352 326 100
712 260 749 325 (c.
770 259 816 325 28)
835 259 1017 325 euangelium
1034 275 1090 313 sec.

287 454 358 496 cum
382 430 437 495 illo
459 438 496 494 ut
518 429 782 515 crucifigerentur.
797 427 867 495 ³³et
888 441 1053 515 postquam
1075 440 1233 496 uenerunt
1258 431 1293 496 in
1319 433 1423 499 locum
1459 433 1513 518 qui

287 533 403 598 dicitur
425 536 578 598 caluariae
600 537 632 598 st
654 531 698 596 ibi
721 531 946 597 crucifixerunt
968 555 1041 598 eum
1062 544 1095 599 st
1118 534 1254 598 latrones
1269 557 1369 600 unum
1384 536 1423 600 ad
1437 536 1513 601 dex·

288 647 370 701 tram
393 646 426 699 et
447 633 529 700 alius
551 634 592 699 ad
615 633 782 700 sinistram.
797 632 825 673 ³⁴
836 633 888 699 ihs
910 647 1017 700 autem
1040 635 1164 701 dicebat
1189 645 1279 721 pater
1305 636 1429 704 dimitte
1451 637 1514 704 illis

288 737 459 804 nonenim
488 736 593 802 sciunt
628 735 704 821 quid
732 735 851 802 faciant
884 736 1064 803 diuidentes
1095 737 1192 805 etiam
1225 739 1416 806 uestimenta
1446 739 1515 806 eius

289 840 443 906 miserunt
464 846 572 940 sortes.
619 837 646 878 ⁸⁵
688 838 733 904 Et
754 840 857 905 stabat
889 839 1024 926 populus
1060 832 1246 927 exspectans
1274 848 1304 907 et
1332 841 1515 907 deridebant

290 965 363 1009 eum
385 940 537 1028 principis
548 945 584 1022 (1)
607 941 747 1007 dicentes
769 942 846 1007 alios
860 941 968 1008 saluus
983 944 1020 1022 (l)
1037 941 1113 1009 fecit
1125 967 1210 1009 nunc
1224 966 1259 1010 ss
1273 943 1366 1010 saluti
1380 942 1474 1009 faciat
1487 944 1515 1010 si

287 1045 341 1110 hic
363 1056 411 1111 eat
432 1050 493 1129 xps
515 1045 635 1110 electus
657 1043 698 1108 di.
712 1042 741 1081 ³⁰
752 1043 944 1110 deludebant
965 1051 1071 1111 autem
1102 1045 1203 1111 illum.
1248 1047 1293 1111 Et
1320 1045 1438 1112 milites
1465 1047 1515 1111 ad·

287 1148 434 1214 cedentes
456 1156 489 1212 et
514 1156 638 1212 acetum
661 1145 835 1213 offerebant
856 1144 1096 1214 illi³⁷dicentes
1117 1157 1153 1214 tu
1186 1171 1220 1214 es
1245 1172 1303 1214 rex
1328 1147 1514 1214 iudaeorum

285 1250 385 1316 libera
406 1259 447 1316 ts.
492 1247 520 1287 ³⁸
562 1249 644 1314 Erat
666 1256 771 1315 antem
795 1250 1019 1336 superscribtio
1041 1250 1157 1317 scribta
1178 1273 1273 1336 super
1293 1250 1385 1315 illum
1401 1249 1516 1316 litteris

286 1353 387 1438 grecis
414 1358 446 1418 et
474 1350 629 1418 hebreicis
659 1375 715 1417 rex
747 1351 933 1418 iudaeorum
966 1352 1019 1419 hie
1052 1362 1109 1420 est.
1154 1351 1182 1391 ³⁹
1224 1353 1318 1420 Unus
1348 1351 1444 1419 etiam
1476 1352 1515 1417 de

286 1456 496 1541 pendentibus
528 1453 705 1520 latronibus
737 1455 1000 1541 blasphemabant
1041 1456 1149 1522 dicens
1181 1479 1286 1523 nonne
1320 1462 1355 1520 tu
1389 1479 1422 1523 es
1455 1461 1515 1541 xps

287 1558 386 1624 libera
407 1564 440 1624 te
462 1569 494 1623 et
514 1579 579 1621 nos.
625 1554 654 1594 ⁴⁰
697 1557 907 1643 Respondeas
929 1567 1036 1624 autem
1057 1563 1137 1625 alter
1158 1558 1340 1645 increpabat
1361 1557 1516 1623 1111111111-

287 1683 361 1726 cens
383 1684 440 1726 nec
462 1670 497 1727 tu
523 1659 617 1725 times
645 1659 707 1724 dm.
735 1659 819 1745 quod
851 1659 886 1724 in
908 1661 1020 1726 eadem
1042 1661 1244 1728 damnatione
1266 1665 1357 1742 est(l)
1401 1659 1428 1698 ⁴¹
1471 1661 1516 1727 Et

286 1785 344 1828 nos
366 1763 494 1848 quidem
523 1763 605 1827 iusta
639 1785 712 1827 nam
747 1761 842 1848 digna
876 1762 968 1828 factis
1001 1762 1179 1850 recipimus.
1224 1763 1291 1829 Hic
1324 1786 1400 1830 uero
1433 1762 1515 1829 nihil

287 1865 363 1930 mali
384 1864 489 1950 gessit.
504 1862 532 1901 ⁴²
544 1871 576 1929 et
598 1864 723 1930 dicebat
744 1866 784 1930 ad
806 1867 874 1931 ihm
897 1866 960 1930 dire
982 1889 1101 1932 memor
1123 1871 1191 1933 esto
1214 1865 1278 1932 mei
1298 1890 1369 1932 cum
1390 1865 1516 1931 ueneris

286 1968 322 2033 in
343 1990 478 2053 ragnum
500 1976 599 2033 tuum.
645 1965 673 2005 ⁴⁸
717 1968 762 2034 m
772 1967 856 2034 dixit
867 1967 916 2033 illi
928 1969 980 2033 ihs
991 1992 1084 2036 amen
1099 1968 1169 2034 dico
1184 1968 1243 2034 tibi
1257 1967 1375 2051 odie(l)
1391 1991 1514 2033 mecum

288 2071 350 2136 eris
371 2071 406 2135 in
428 2069 580 2156 paradiso.
627 2068 655 2106 ⁴⁴
697 2070 742 2136 Et
765 2080 832 2136 erat
859 2069 926 2135 fere
955 2072 1033 2136 hora
1065 2078 1155 2136 sexta
1188 2081 1222 2137 et
1253 2072 1402 2137 tenebrae
1434 2069 1516 2136 facte

286 2172 417 2239 suntin
440 2173 590 2238 uniuersa
613 2183 696 2239 terra
717 2195 818 2258 usque
841 2172 876 2238 in
898 2174 1007 2239 horam
1030 2196 1156 2238 nonam.
1169 2172 1242 2238 ⁴⁶et
1262 2174 1446 2239 obscuratus
1469 2182 1517 2238 est

287 2277 342 2341 sol.
388 2274 432 2340 Et
453 2275 561 2341 uelum
583 2274 696 2362 templi
717 2274 849 2341 scissum
874 2284 922 2341 est
952 2274 1100 2341 medium.
1145 2274 1174 2315 ⁴⁶
1216 2276 1260 2341 Et
1293 2277 1432 2340 clamans
1464 2275 1516 2340 ihs

289 2399 367 2444 uoce
389 2401 504 2463 magna
525 2378 617 2443 dixit.
642 2384 732 2463 pater
752 2377 787 2442 in
809 2401 925 2443 manus
947 2384 1018 2442 tuas
1044 2378 1218 2444 conmendc
1246 2389 1316 2465 spm
1346 2401 1461 2443 meum.
1485 2386 1517 2444 et

286 2483 364 2547 haee
387 2480 495 2546 dicens
517 2481 648 2546 tradidit
670 2491 750 2567 epm.
794 2479 823 2518 ⁴⁷
867 2479 989 2546 Uidens
1012 2489 1118 2546 autem
1141 2479 1283 2548 centurio
1305 2489 1338 2546 et
1360 2481 1415 2565 qui
1443 2503 1516 2545 cum

287 2606 325 2649 eo
349 2593 448 2650 erant.
471 2584 554 2668 quod
576 2585 672 2649 fiebat
696 2583 941 2668 magnificabant
973 2584 1026 2648 dr'rt
1056 2582 1196 2649 dicentes
1227 2605 1304 2648 uere
1338 2581 1390 2648 hic
1422 2582 1515 2647 homo

287 2687 390 2752 iustus
412 2695 488 2752 erat.
533 2684 561 2723 ⁴⁸
603 2687 649 2751 Et
669 2685 772 2751 omnis
793 2685 886 2750 turba
908 2707 972 2771 que
1001 2686 1098 2751 simul
1128 2694 1197 2751 erat
1228 2686 1268 2750 ad
1301 2685 1515 2771 spectaculum

288 2789 374 2855 istud
397 2789 452 2872 qui
474 2787 625 2853 uidebant
647 2788 867 2874 quae'fiebant
888 2787 1101 2874 percutientes
1130 2798 1256 2874 pectora
1286 2810 1344 2854 sua
1376 2795 1514 2852 reuerte-

287 2893 410 2956 bantur.
455 2888 484 2928 ‘⁹
527 2889 661 2956 Stabant
683 2897 788 2955 autem
811 2913 921 2956 omnes
943 2890 1011 2956 uoti
1033 2891 1146 2956 eiusa
1177 2891 1272 2975 longe
1304 2900 1337 2956 et
1367 2889 1516 2955 mulieres

287 3017 369 3079 quae
391 2993 435 3059 ibi
458 3003 547 3059 arant
569 3015 649 3079 quae
672 3000 798 3058 secutae
820 3001 912 3058 erant
932 2993 1023 3058 illum
1046 3017 1065 3058 a
1088 2992 1222 3078 galilaea
1250 2994 1332 3058 haec
1360 2992 1513 3059 uidentes.

288 3095 317 3136 ⁵⁰
358 3097 403 3162 Et
425 3119 497 3162 acce
518 3095 570 3160 uir
591 3094 719 3160 nomine
741 3095 851 3181 ioseph
876 3095 931 3179 qui
954 3103 1022 3160 erat
1043 3095 1170 3161 decurio
1191 3095 1295 3161 iustus
1317 3103 1349 3160 et
1374 3091 1515 3161 bonus⁶¹

288 3200 425 3265 hicnon
449 3206 668 3264 eratconsens
691 3197 821 3263 consilio
845 3205 877 3263 et
900 3198 1023 3264 actibus
1048 3220 1155 3263 eorum
1187 3199 1227 3263 ab
1260 3196 1405 3263 arimatia
1437 3195 1515 3262 ciui·

288 3310 354 3366 tate
376 3300 508 3366 iudaeae
530 3299 586 3384 qui
609 3311 642 3366 et
663 3299 731 3385 ipse
753 3300 942 3386 expectabat
963 3323 1096 3383 regnum
1118 3300 1160 3364 di.
1205 3298 1232 3339 ⁶²
1283 3299 1349 3366 Hic
1382 3298 1516 3365 adcessit

290 3402 330 3468 ad
351 3402 485 3488 pilatum
508 3410 540 3467 et
563 3401 657 3488 petiit
679 3424 790 3488 corpus
822 3400 919 3466 ί1ιιὶῡ3
931 3411 963 3468 et
990 3403 1167 3488 depositum
1196 3402 1335 3469 inuoluit
1363 3400 1454 3466 illum
1481 3400 1516 3466 in

287 3506 454 3571 sindonem
476 3514 509 3570 et
534 3503 640 3591 posuit
668 3527 741 3569 eum
767 3504 800 3568 in
836 3511 1041 3570 monumento
1074 3505 1180 3570 exciso
1212 3505 1247 3569 in
1280 3527 1342 3588 quo
1374 3504 1514 3570 nondum

289 3608 426 3693 quiaquia
447 3607 568 3694 positus
591 3616 665 3673 erat.
681 3605 752 3672 “et
773 3606 841 3672 dies
864 3616 932 3674 erat
954 3630 1031 3673 cena
1058 3631 1140 3702 pura
1171 3617 1204 3674 et
1237 3609 1400 3673 sabbatum
1436 3606 1517 3673 inlu·

289 3711 441 3777 cescebat.
485 3709 513 3749 ⁶⁵
556 3708 752 3775 Subsecutae
773 3716 881 3776 autem
904 3709 1054 3776 mulieres
1075 3733 1156 3795 quae
1178 3733 1250 3775 cum
1273 3710 1341 3795 ipso
1361 3721 1517 3775 uenerant

289 3813 328 3878 de
349 3812 465 3897 galilea
486 3812 635 3878 uiderunt
658 3820 898 3877 monumentum
929 3821 961 3877 et
988 3812 1252 3897 quemadmodum
1280 3811 1418 3898 positum
1449 3823 1516 3879 erat

287 3937 401 4000 corpus
429 3915 507 3980 eius.
521 3913 592 3980 ⁵⁶et
625 3922 820 3980 reuertentes
842 3924 1035 4000 parauerunt
1056 3917 1273 3996 aromatamd)
1295 3923 1328 3980 et
1353 3924 1517 4001 unguenta

288 4018 417 4083 sabbato
438 4017 565 4102 quidem
588 4017 744 4082 siluerunt
766 4016 940 4081 secuudum
964 4017 1157 4096 mandatum.

374 4118 544 4184 LXXIX.
570 4125 611 4196 (c.
634 4119 687 4199 24)
732 4118 744 4155 ¹
787 4118 862 4185 Una
884 4128 991 4185 autem
1013 4120 1133 4185 sabbati
1162 4130 1320 4186 uenerunt
1351 4121 1445 4185 ualde
1465 4120 1515 4184 de·

289 4224 395 4288 luculc
418 4222 456 4286 ad
479 4228 717 4287 monumentum
741 4230 902 4306 portantes
926 4244 1006 4306 quae
1034 4220 1292 4306 parauerant²at
1324 4223 1516 4288 inuenerunt

289 4325 426 4411 lapidem
448 4323 628 4389 reuolutum
650 4346 669 4388 a
691 4332 905 4389 monumento.
919 4321 931 4359 ³
945 4336 977 4389 et
998 4323 1138 4408 ingresse
1158 4332 1266 4390 autem
1294 4347 1358 4389 non
1384 4325 1515 4391 iuuene·

290 4437 365 4491 runt
387 4449 508 4512 corpus.
521 4425 536 4462 ⁴
550 4434 582 4492 et
611 4425 800 4491 factumest
832 4425 907 4490 dum
941 4434 1047 4492 mente
1081 4427 1343 4492 contristarentur
1360 4429 1414 4494 'de
1444 4428 1514 4492 isto.

290 4529 375 4600 Ecce
398 4529 459 4593 duo
480 4527 543 4592 uiri
571 4534 727 4593 steterunt
755 4527 836 4594 sicut
844 4530 880 4610 (1)
898 4528 969 4592 illas
990 4527 1024 4592 in
1042 4537 1134 4594 ueste
1157 4529 1328 4615 splendida.
1375 4529 1388 4568 ⁶
1432 4527 1514 4595 (lum

292 4633 442 4696 timerent
463 4639 569 4695 autem
592 4642 624 4696 et
646 4629 838 4695 declinarent
860 4630 985 4695 uultum
1008 4630 1042 4695 in
1064 4640 1179 4696 terram
1201 4631 1351 4698 dixerunt
1376 4632 1415 4697 ad
1443 4631 1515 4698 illas
