3467 5192
298 254 343 316 48
726 257 762 320 (c.
782 258 827 323 11)
846 259 1027 326 euangelium
1049 276 1104 314 sec.

302 422 477 506 linquimus
499 424 543 491 sic
566 448 675 492 omnes
698 426 831 494 credunt
852 429 886 493 in
910 454 982 495 eum
1005 437 1038 495 et
1060 430 1193 496 uenient
1213 431 1335 496 rom'ani
1365 440 1399 498 et
1419 434 1532 500 tollent

293 523 405 596 ‚locum
429 535 570 592 nostrum
595 538 627 594 et
647 534 784 614 gentem.
830 529 858 567 ⁴¹⁹
903 532 994 597 Unus
1016 539 1123 596 autern
1146 557 1186 598 ex
1209 532 1285 619 ipsis
1307 534 1436 621 caiphas
1458 560 1528 601 cum

301 636 387 691 esset
408 629 554 716 princeps
577 632 774 697 sacerdotum
797 633 872 698 anni
896 633 982 700 illius
1011 634 1094 699 dixit
1127 635 1180 700 eis.
1214 659 1271 701 uos
1293 636 1422 702 nescitis
1444 638 1530 722 quid·

301 749 398 811 quam
413 728 555 816 ⁵⁰neque
578 733 722 819 cogitatis
745 734 819 820 quia
842 737 971 822 expedit
1003 736 1093 802 uobis
1126 746 1164 804 ut
1189 761 1272 803 unus
1300 739 1394 805 bomo
1422 741 1532 805 moria·

303 840 357 894 tur
378 855 434 917 pro
457 836 572 920 populo
595 843 628 900 et
649 860 712 901 uon
734 845 800 903 tota
821 862 899 922 gens
921 847 1038 923 pereat.
1052 838 1150 905 ⁶¹hoc
1179 846 1285 906 autem
1315 865 1333 905 a
1362 842 1531 929 semetipso
1570 924 1574 928 .

304 955 368 996 non
391 934 517 1002 dicebat
539 939 593 1002 sed
617 961 687 1003 oum
711 949 795 1005 esset
826 941 970 1025 pontifex
999 941 1074 1006 anni
1105 941 1191 1007 illius
1222 943 1425 1029 propbetauit
1458 947 1532 1030 quia

306 1035 419 1122 incipit
441 1038 492 1102 ihs
515 1040 652 1106 moriens
675 1065 730 1128 pro
753 1047 826 1127 gere
848 1043 928 1108 mori
941 1042 969 1081 ⁶²
979 1055 1013 1109 et
1034 1067 1097 1110 non
1120 1053 1243 1110 tantum
1267 1069 1322 1130 pro
1352 1054 1447 1130 gente
1477 1050 1532 1112 sed

307 1149 342 1203 ut
364 1139 444 1206 filios
468 1140 501 1205 di
524 1143 579 1227 qui
602 1149 676 1209 sunt
699 1143 830 1231 dispersi
854 1145 1003 1230 colligant
1024 1145 1056 1210 in
1084 1171 1193 1211 unum.
1214 1145 1244 1186 ⁶³
1264 1172 1303 1212 ex
1337 1147 1392 1212 illa
1426 1152 1533 1234 itaque

302 1239 357 1305 die
380 1243 600 1326 cogitauerunt
621 1246 727 1311 iudaei
750 1257 786 1311 ut
807 1245 1021 1314 interficerent
1044 1273 1125 1313 eum.
1140 1247 1230 1313 5⁴ibri
1253 1273 1326 1334 ergo
1341 1252 1404 1314 iam
1421 1251 1532 1314 nonin

302 1344 410 1428 palam
433 1348 613 1413 ambulabat
635 1355 712 1434 aput
733 1349 842 1415 iudeos
864 1351 918 1414 sed
942 1350 1021 1416 abiit
1043 1352 1074 1414 in
1098 1351 1227 1435 regione
1255 1351 1346 1418 iuxta
1373 1353 1532 1418 desertum

307 1443 341 1509 in
365 1446 495 1514 ciuitate
519 1472 599 1533 quae
622 1450 738 1516 dicitur
759 1453 889 1538 ephrem
918 1461 950 1516 et
979 1452 1023 1516 ibi
1053 1455 1233 1518 morabatur
1265 1478 1337 1520 oum
1370 1454 1533 1540 discipulis

305 1547 382 1612 suis.
427 1549 454 1588 ⁶⁵
497 1552 670 1637 Propterea
693 1563 798 1620 autem
822 1563 890 1619 erat
905 1557 1020 1640 pascha
1035 1555 1219 1620 iudaeorum
1236 1558 1445 1623 ascenderunt
1461 1581 1533 1640 ergo

308 1651 399 1715 multi
424 1652 664 1740 hierosolymam
690 1659 728 1721 de
750 1657 881 1741 regione
903 1665 978 1722 ante
1000 1659 1117 1744 pascha
1138 1668 1175 1724 ut
1196 1658 1428 1725 sanctificarent
1456 1659 1533 1744 seip-

305 1775 366 1816 sos.
413 1753 441 1792 ⁵⁶
484 1756 668 1841 Querebant
690 1781 763 1842 ergo
791 1759 856 1823 ihm
888 1772 919 1824 et
955 1761 1225 1845 conloquebantur
1257 1762 1295 1824 ad
1330 1761 1467 1826 inuicem
1500 1761 1534 1824 in

308 1858 426 1941 templo
449 1864 568 1926 stantes
591 1870 623 1926 et
645 1862 786 1927 dicentes
802 1870 834 1928 et
849 1863 969 1948 putatis
983 1868 1059 1947 quia
1079 1868 1119 1927 nb
1132 1863 1238 1928 ueniet
1250 1864 1289 1928 ad
1305 1863 1388 1928 diem
1407 1862 1535 1928 festum.

308 1957 474 2024 Dederaut
507 1969 610 2027 autem
650 1965 806 2051 principes
842 1967 1038 2030 sacerdotum
1079 1973 1112 2029 et
1150 1965 1307 2051 pharisaei
1354 1976 1534 2050 preceptum

313 2069 347 2123 ut
369 2060 395 2124 si
419 2062 489 2146 quis
512 2067 697 2147 cognouerit
725 2067 777 2132 ubi
807 2068 848 2131 sit
875 2080 911 2132 ut
943 2068 1062 2131 indicet
1094 2076 1130 2132 ut
1164 2068 1420 2155 conprehendant
1452 2091 1533 2132 eum.

308 2163 350 2241 (a.
378 2165 441 2240 12).
489 2165 500 2201 ¹
545 2167 603 2232 Ihs
625 2193 699 2252 ergo
722 2181 795 2234 ante
822 2193 878 2234 sex
910 2170 977 2234 dies
1009 2171 1144 2255 paschae
1177 2170 1267 2234 uenit
1299 2169 1450 2235 bethania
1483 2168 1537 2233 ubi

307 2275 378 2330 erat
399 2267 523 2334 lazarus
547 2270 601 2354 qui
625 2271 686 2336 fuit
708 2280 852 2338 mortuus
875 2278 937 2356 que
968 2272 1136 2338 suscitauit
1164 2272 1224 2337 ihs.
1243 2271 1379 2337 ²fecerr'r
1406 2295 1479 2355 ergo
1506 2272 1536 2336 ei

308 2390 439 2433 caenam
461 2371 506 2436 ibi
529 2379 562 2438 et
583 2376 707 2439 martha
729 2374 929 2440 ministrabat
951 2383 983 2439 et
1004 2375 1126 2438 lazarus
1149 2398 1230 2439 unus
1253 2381 1322 2439 erat
1342 2399 1383 2439 ex
1405 2374 1536 2438 discum

307 2470 456 2537 bentibus
479 2498 549 2540 cum
574 2499 618 2540 eo.
666 2475 678 2513 ³
724 2477 826 2541 Maria
848 2500 922 2560 ergo
945 2477 1069 2562 adcepit
1095 2476 1207 2541 libram
1238 2477 1394 2561 unguenti
1423 2476 1534 2558 [nardi]

309 2571 414 2656 pistici
437 2583 468 2640 et
490 2577 583 2642 unxit
605 2580 700 2664 pedes
723 2579 780 2644 ihu
804 2586 835 2644 et
860 2578 992 2645 extersit
1023 2579 1145 2665 capillis
1179 2580 1244 2644 suis
1277 2580 1371 2665 pedes
1405 2579 1473 2643 eius
1506 2587 1538 2642 et

309 2676 422 2741 domus
444 2677 574 2765 impleta
597 2688 644 2746 est
666 2705 707 2745 ex
729 2682 822 2747 odore
845 2681 1081 2762 unguentatos
1103 2681 1180 2746 dicit
1202 2705 1284 2746 unus
1312 2706 1352 2747 ex
1375 2680 1537 2766 discipulis

311 2777 378 2843 sius
401 2779 491 2845 iudas
513 2783 643 2848 simonis
666 2783 793 2848 iscariot
816 2783 872 2869 qui
895 2784 1067 2869 incipiebat
1089 2808 1159 2847 eum
1184 2782 1344 2848 tradere⁵
1361 2806 1459 2868 quare
1478 2784 1536 2847 boc

310 2893 506 2968 unguentum
531 2909 593 2950 non
617 2886 719 2952 ueniit
741 2887 865 2952 denaris
887 2887 1038 2952 trecentis
1063 2894 1096 2949 et
1124 2886 1232 2951 datum
1259 2895 1308 2952 est
1334 2885 1534 2972 pauperibus.

308 2981 324 3020 ⁶
368 2985 461 3051 Dixit
483 3000 589 3052 autem
613 2990 671 3053 boo
693 3011 757 3053 non
779 2989 863 3074 quod
881 2989 920 3053 de
936 2987 1127 3074 pauperibus
1140 3011 1215 3053 cura
1231 2987 1279 3052 illi
1295 2994 1378 3053 esset
1391 2987 1448 3052 sed
1463 2985 1538 3071 quia

310 3085 362 3152 fur
383 3095 450 3154 erat
472 3098 503 3155 et
525 3091 643 3156 loculos
666 3092 801 3156 habebat
823 3097 854 3156 et
877 3114 939 3176 que
962 3090 1169 3155 mittebantur
1192 3091 1385 3176 exportabat.
1411 3089 1422 3128 ⁷
1446 3089 1539 3153 Dixit

311 3214 384 3276 ergo
407 3191 466 3256 ihs.
493 3193 587 3258 sinite
615 3193 703 3258 illam
731 3203 766 3258 ut
798 3193 831 3258 in
865 3193 949 3258 diem
973 3192 1135 3278 sepulture
1168 3216 1257 3258 meae
1289 3200 1396 3256 seruet
1426 3188 1539 3257 illud.⁸

305 3317 463 3380 pauperes
487 3296 571 3360 euim
594 3318 706 3382 senper
729 3294 852 3360 habetis
875 3295 1037 3359 uobiscum
1062 3301 1241 3360 meantem
1265 3317 1327 3359 non
1351 3318 1464 3380 senper
1486 3294 1538 3356 ha·

310 3397 399 3462 betis.
437 3396 450 3434 ⁹
481 3398 526 3463 Et
549 3398 641 3462 turba
661 3398 764 3462 multa
788 3422 827 3462 ex
850 3395 972 3462 iudaeis
1002 3396 1127 3461 audiuit
1156 3396 1231 3481 quia
1261 3396 1327 3462 illic
1357 3405 1404 3462 est
1435 3403 1466 3461 et
1488 3419 1540 3460 ue·

311 3507 428 3564 nerunt
449 3524 513 3564 non
535 3509 662 3586 propter
684 3499 750 3564 ihm
779 3501 882 3565 solum
913 3499 966 3563 sed
1001 3510 1035 3563 ut
1067 3499 1206 3564 lazarum
1243 3499 1413 3581 uiderelnlt
1446 3521 1540 3581 quem

308 3601 478 3667 suscitauit
500 3627 519 3666 a
543 3601 683 3666 mortuis.
730 3600 757 3638 ¹⁰
801 3601 1032 3686 Oogitaueruut
1048 3607 1153 3666 autem
1169 3601 1327 3687 principes
1343 3600 1540 3665 sacerdotum

311 3709 350 3767 ut
372 3716 403 3770 et
428 3705 536 3768 lazaru
570 3703 805 3789 interficerelnlt
818 3703 932 3789 11quia
965 3703 1058 3768 multi
1089 3703 1255 3768 iudeorum
1288 3709 1416 3788 propter
1448 3702 1540 3765 illum

310 3806 441 3872 abibant
464 3831 503 3871 ex
525 3807 645 3872 iudaeis
668 3814 699 3872 et
721 3807 889 3872 credebant
911 3806 944 3870 in
968 3806 1045 3869 ihm.

397 3909 538 3973 XXIII.
585 3908 611 3946 ¹²
655 3911 768 3974 Altera
790 3915 897 3974 autem
920 3909 971 3973 die
994 3910 1085 3973 turba
1108 3909 1208 3973 multa
1232 3906 1332 3993 [quae]
1356 3912 1488 3972 uenerat
1502 3905 1542 3969 aul

310 4010 397 4076 diem
421 4011 536 4076 festum
561 4036 632 4077 cum
655 4011 817 4078 audissent
839 4012 914 4097 quia
935 4011 1026 4090 uenit
1052 4011 1102 4075 ihi
1130 4011 1163 4074 in
1189 4007 1541 4094 hierosolyma¹³acce

313 4121 428 4199 parunt
450 4116 541 4179 flores
562 4115 737 4200 palmarum
761 4123 793 4180 et
815 4115 963 4181 exierunt
977 4113 1103 4179 obuiam
1119 4112 1167 4177 illi
1182 4117 1214 4176 et
1229 4113 1386 4177 clamabat
1400 4111 1541 4177 dicentes

314 4239 431 4280 osanna
453 4217 637 4283 benedictus
660 4218 714 4302 qui
737 4217 828 4282 uenit
856 4217 889 4280 in
920 4214 1050 4282 nomine
1079 4215 1136 4279 drii
1161 4237 1218 4279 rex
1240 4214 1380 4278 istrahel.
1429 4212 1457 4249 ¹⁴
1499 4214 1543 4277 Elt

314 4318 439 4384 inuenit
461 4319 513 4383 ihs
536 4321 666 4385 asellum
691 4328 724 4385 et
745 4319 827 4386 sedit
849 4342 944 4405 super
966 4342 1039 4382 eum
1066 4317 1148 4382 siout
1174 4316 1325 4402 scriptum
1347 4325 1403 4380 est.
1427 4314 1454 4352 ¹⁵
1478 4314 1543 4378 noli

313 4421 425 4486 timere
448 4422 513 4486 filia
535 4423 581 4487 sib
605 4447 677 4488 esce
699 4446 756 4487 rex
778 4431 852 4486 tuus
875 4420 966 4485 uenit
987 4420 1100 4484 sedens
1122 4442 1217 4505 super
1238 4419 1362 4504 pullum
1389 4417 1487 4482 asine.
1516 4414 1543 4453 ¹⁶

311 4525 405 4590 Haec
427 4548 489 4590 non
513 4530 728 4610 cognoberunt
750 4523 888 4610 primum
911 4520 1058 4606 discipuli
1082 4521 1150 4586 eius
1172 4522 1227 4586 sed
1250 4520 1375 4605 quando
1397 4518 1543 4584 clarifica·

313 4635 365 4691 tus
388 4637 435 4694 est
456 4629 508 4693 ihs
530 4637 606 4695 tunc
628 4625 783 4692 recordati
805 4633 880 4690 suut
902 4623 977 4710 quia
998 4625 1077 4688 haec
1100 4632 1191 4689 erant
1219 4622 1335 4707 scripta
1364 4623 1403 4686 de
1430 4621 1484 4686 illo
1512 4630 1545 4686 et
