3467 5192
300 273 341 336 28
723 277 758 342 (c.
776 277 823 344 28)
842 279 1023 344 euangelium
1045 295 1100 334 sec.

385 446 551 514 LXXIV.
575 449 612 527 (o.
637 447 690 531 28)
737 447 748 484 ¹
792 448 934 534 Uespere
956 454 1031 514 autb
1060 451 1181 516 sabbati
1215 475 1296 536 quae
1329 452 1460 518 lucescit
1491 453 1524 517 in

300 546 402 633 prima
424 548 591 614 sabbatorsr
613 549 703 615 uenit
725 551 823 615 maria
847 551 1032 635 magdalene
1055 560 1087 618 et
1110 554 1208 618 altera
1230 554 1329 618 maria
1351 554 1459 620 uidere
1481 579 1525 621 se

300 650 475 734 pulchrum.
522 649 534 687 ²
578 653 622 717 Et
644 677 716 720 ecoe
731 658 813 718 terre
836 661 940 718 motus
962 654 1062 720 factus
1083 663 1131 720 est
1151 679 1291 739 magnus.
1318 657 1449 740 angelus
1470 681 1523 722 au·
1548 671 1551 677 ’

300 761 364 817 tem
388 752 453 817 dni
476 752 639 822 descendit
668 758 707 820 de
736 761 820 821 caelo
843 760 876 820 et
898 756 1052 822 adcedens
1082 758 1220 822 reuoluit
1250 758 1386 844 lapidem
1416 767 1448 823 et
1481 784 1525 825 se-

300 855 393 920 debat
416 879 509 941 super
535 881 617 922 eum.
657 857 669 896 ³
707 859 786 923 Erat
812 865 919 922 autem
942 865 1086 943 aspectus
1108 859 1177 924 eius
1200 859 1281 924 sicut
1303 860 1409 944 fulgur
1430 867 1523 926 etue·

300 955 482 1022 stimentum
508 959 576 1024 eius
607 961 739 1026 candida
772 960 853 1025 sicut
876 960 940 1026 nix.
965 959 1009 1024 ⁴a
1031 961 1143 1026 timore
1165 966 1271 1027 autem
1294 963 1362 1027 eius
1388 964 1526 1029 conmoti

300 1066 374 1124 sunt
395 1061 450 1147 qui
472 1063 699 1129 custodiebant.
724 1062 799 1128 facti
823 1068 897 1150 sunt
916 1063 998 1128 siout
1019 1064 1142 1129 mortni.
1189 1063 1202 1103 ⁵
1245 1066 1452 1152 Respondeas
1475 1089 1525 1128 an-

300 1169 363 1226 tem
387 1166 518 1247 angelus
546 1165 628 1230 dixit
656 1165 841 1231 mulieribus
871 1167 969 1231 nolite
991 1167 1104 1232 timere
1131 1191 1194 1231 uos,
1226 1168 1289 1232 scio
1323 1168 1408 1232 enim
1441 1169 1524 1254 quod

300 1263 366 1328 ihm
390 1265 444 1349 qui
468 1267 636 1332 crucifixus
659 1275 707 1333 est
729 1267 873 1354 queritis.
888 1267 901 1305 ⁶
918 1292 980 1332 non
1003 1277 1052 1335 est
1072 1269 1133 1334 hio.
1158 1269 1330 1335 resurrexit
1352 1295 1370 1334 a
1395 1270 1525 1335 mortuis

300 1366 381 1431 sicut
408 1367 498 1434 dixit.
541 1371 648 1435 uenite
678 1378 710 1436 et
743 1370 849 1435 uidete
872 1370 924 1435 hio
947 1372 1050 1435 locum
1073 1371 1127 1436 ubi
1149 1373 1270 1458 positus
1292 1382 1359 1436 erat
1380 1373 1457 1436 dms.
1473 1372 1527 1437 ⁷et

300 1471 362 1534 cito
385 1478 496 1536 euntes
519 1471 614 1537 dicite
637 1472 800 1558 discipulis
824 1473 892 1538 eius
915 1472 990 1556 quia
1012 1473 1149 1539 surrexit
1172 1498 1190 1538 a
1212 1475 1344 1541 mortuis
1366 1481 1399 1540 et
1420 1498 1525 1561 prooe-

301 1571 347 1636 dit
371 1595 429 1637 uos
452 1572 484 1637 in
508 1575 672 1659 galilaeam
697 1575 742 1640 ibi
765 1599 836 1639 eum
860 1575 1010 1640 uidebitis
1042 1599 1114 1641 ecce
1136 1576 1203 1641 dixi
1227 1577 1322 1642 uobis.
1348 1575 1361 1614 ⁸
1383 1578 1427 1642 Et
1441 1577 1524 1642 exie·

301 1682 375 1739 runt
398 1676 459 1740 cito
475 1677 513 1742 de
529 1685 731 1742 monumento
752 1701 821 1745 oum
840 1677 957 1762 gaudio
971 1702 1085 1763 magno
1100 1686 1260 1744 currentes
1276 1681 1422 1744 nuntiare
1437 1678 1527 1744 disci-

301 1777 384 1862 pulis
408 1779 483 1842 eius,
546 1781 590 1844 Et
612 1805 683 1846 ecoe
701 1781 753 1845 ihs
772 1804 937 1847 occurrens
957 1780 1021 1845 illis
1044 1781 1151 1846 dicens
1173 1782 1286 1846 habete
1319 1782 1399 1846 Illae
1421 1792 1526 1847 autem

301 1880 502 1946 adcesserunt
524 1890 556 1947 et
578 1889 749 1948 tenuerunt
760 1883 856 1968 pedes
875 1882 944 1948 eius
958 1891 990 1948 et
1002 1884 1213 1949 adorauerunt
1223 1908 1305 1949 eum.
1332 1883 1358 1921 ¹⁰
1380 1885 1471 1949 Tunc
1482 1882 1527 1948 ait

301 1981 364 2046 illis
377 1984 427 2046 ihs
444 1984 542 2050 nolite
554 1985 665 2051 timere
688 1987 733 2050 ite
749 1986 899 2051 nunciate
910 1985 1059 2051 fratribus
1071 1985 1150 2051 meis
1166 1994 1202 2051 ut
1220 1996 1293 2052 eant
1308 1987 1341 2050 in
1360 1987 1525 2072 galilaeam

301 2092 333 2151 et
349 2085 393 2150 ibi
417 2110 467 2152 me
490 2088 652 2152 uidebant.
678 2088 702 2123 ¹¹
726 2088 810 2174 Ipsis
833 2095 939 2154 autem
963 2089 1151 2154 abeuntibus
1173 2111 1245 2154 ecoe
1267 2088 1394 2173 quidam
1412 2089 1450 2153 de
1473 2112 1525 2152 ou·

300 2188 441 2254 stodibus
464 2214 534 2255 cum
558 2190 698 2255 uenisset
721 2191 753 2253 in
767 2189 899 2256 ciuitate
921 2190 1154 2257 nunciauerunt
1172 2190 1366 2278 principibus
1384 2191 1526 2256 sacerdo·

301 2300 367 2356 tum
391 2292 497 2357 omnia
520 2316 582 2378 que
605 2293 686 2358 facta
709 2302 791 2358 sunt.
838 2291 864 2330 ¹²
909 2294 952 2358 Et
975 2294 1154 2379 congregati
1177 2317 1247 2358 oum
1264 2293 1439 2358 senioribus
1454 2316 1525 2359 con·

301 2394 406 2460 silium
431 2403 619 2480 acceperunt
642 2402 673 2461 et
694 2395 845 2481 pecunias
869 2396 1010 2482 copiosas
1033 2397 1187 2461 dederunt
1203 2393 1356 2461 militibus
1373 2394 1527 2461 1³dicr'ctes

302 2497 396 2563 dicite
419 2497 494 2582 quia
517 2497 663 2584 discipuli
686 2499 754 2563 eius
777 2521 834 2562 nos
857 2504 1029 2563 teunerunt
1051 2506 1083 2564 et
1111 2499 1208 2564 furati
1237 2504 1310 2563 sunt
1337 2521 1410 2563 eum
1438 2497 1528 2562 nobis

301 2599 529 2665 dormientibus
544 2599 571 2636 ¹⁴
582 2607 614 2665 et
636 2599 663 2664 si
685 2601 744 2665 hoo
767 2600 911 2666 auditum
938 2600 1035 2666 fuerit
1067 2625 1086 2666 a
1118 2601 1251 2687 praesido
1279 2624 1336 2666 nos
1363 2601 1528 2686 persuade

300 2702 403 2767 bimus
426 2701 456 2767 ei
479 2708 511 2767 et
532 2725 656 2767 securos
679 2725 734 2767 uos
756 2702 917 2768 faciemus.
966 2703 992 2740 ¹⁶
1037 2704 1091 2768 Ad
1113 2703 1159 2767 illi
1182 2700 1309 2789 a'coepta
1331 2702 1466 2788 pecunia
1481 2702 1526 2766 fe·

301 2811 412 2870 cerunt
433 2804 515 2871 siout
537 2811 627 2870 erant
649 2805 731 2870 docti
754 2812 786 2870 et
809 2805 976 2890 diuulgatl'l
996 2813 1042 2872 est
1056 2808 1190 2871 uerbum
1206 2805 1290 2871 istud
1307 2810 1383 2891 aput
1398 2804 1527 2869 iudaeos

302 2907 456 2990 usquein
480 2906 675 2972 hodiernum.
731 2907 755 2945 ¹⁶
804 2907 959 2975 Undecim
993 2914 1100 2974 autem
1134 2907 1280 2993 discipuli
1313 2906 1459 2972 abierunt
1490 2906 1525 2970 in

301 3008 446 3092 galileam
469 3009 503 3072 in
526 3016 664 3075 montem
688 3011 742 3074 ubi
773 3011 978 3077 constituerat
1004 3010 1068 3076 illis
1096 3009 1147 3074 ihs
1175 3011 1252 3075 dms.
1274 3008 1300 3046 ¹⁷
1316 3013 1348 3074 et
1371 3009 1525 3075 uidissent

302 3135 374 3175 eum
397 3113 617 3178 adorauerunt.
641 3113 769 3196 quidam
793 3118 898 3178 autem
922 3113 1148 3179 dubitauerunt
1161 3111 1188 3150 ¹⁸
1199 3116 1231 3176 et
1253 3110 1407 3177 adcedens
1417 3112 1467 3176 ihs
1482 3111 1526 3176 lo·

302 3220 395 3278 cutus
418 3221 466 3279 est
489 3214 534 3278 eis
557 3214 672 3280 dicens.
698 3216 770 3280 data
794 3224 841 3281 cst
862 3215 943 3279 mihi
965 3215 1067 3280 omnis
1089 3221 1227 3302 potestas
1256 3213 1288 3276 in
1311 3219 1395 3279 caelo
1428 3223 1460 3279 et
1493 3214 1527 3278 in

302 3323 403 3380 terrae
417 3314 566 3381 ¹⁹ountes
589 3341 661 3401 ergo
684 3317 792 3381 docete
821 3317 904 3381 omni
937 3324 1031 3400 gente
1052 3317 1247 3402 baptizantes
1270 3339 1322 3380 eos
1344 3317 1377 3382 in
1400 3317 1527 3383 nomine

302 3417 399 3502 patris
423 3424 454 3483 et
475 3418 534 3482 filii
557 3427 588 3484 et
610 3418 656 3484 sci
679 3424 731 3505 sps
749 3417 775 3469 ²⁰
791 3419 938 3484 docentes
954 3442 1006 3483 eos
1022 3442 1148 3484 seruare
1164 3418 1271 3484 omnia
1285 3423 1526 3506 quocumqued)

303 3521 451 3585 mandaui
474 3520 564 3586 uobis
586 3529 618 3586 et
641 3545 712 3586 ecoe
735 3545 791 3606 ego
814 3520 977 3586 uobiscum
1007 3544 1075 3586 sum
1102 3520 1248 3586 omnibus
1281 3520 1393 3588 diebus
1427 3545 1527 3608 usque

302 3623 340 3687 ad
363 3623 663 3690 consummationem
688 3623 804 3690 saeculi
827 3648 928 3690 amen.

366 3727 508 3810 euangel.
526 3726 666 3791 secundl'l
683 3733 836 3792 matteum
851 3746 921 3812 exp.
937 3727 998 3791 ino,
1016 3727 1184 3812 euangeliis
1197 3726 1337 3815 secundfi
1345 3727 1523 3793 iohannem.

582 3827 808 3912 (euangelium
835 3828 1013 3898 secundum
1038 3828 1234 3905 iohannem).

387 3936 424 4012 (c.
451 3934 492 4004 l).
531 3929 542 3966 ¹
575 3932 615 3995 In
638 3930 793 4017 principio
816 3940 884 3998 erat
904 3934 1038 3998 uerbum
1061 3939 1093 3998 et
1122 3933 1254 3997 uerbum
1277 3939 1345 3997 erat
1366 3937 1443 4017 aput
1473 3932 1525 3994 dm

304 4038 335 4099 et
358 4035 394 4098 ds
417 4040 484 4098 erat
506 4034 644 4098 uerbum.
692 4033 703 4070 ‘²
732 4035 819 4106 ‚Hoc
841 4041 908 4098 erat
930 4035 962 4099 in
986 4035 1140 4121 principio
1163 4042 1240 4120 aput
1261 4034 1322 4098 dm.
1369 4034 1381 4072 ³
1410 4034 1527 4113 Omnia

302 4137 470 4222 perillum
493 4135 673 4202 factasunt
695 4137 815 4202 etsine
837 4136 894 4201 illo
917 4136 1035 4202 factum
1058 4136 1206 4203 estnihil
1229 4137 1311 4221 quod
1334 4136 1450 4201 factum
1478 4146 1526 4203 est

303 4237 365 4303 ⁴in
387 4237 455 4325 ipso
478 4237 546 4305 uita
568 4246 616 4304 est
639 4245 670 4305 et
691 4239 759 4304 uita
782 4248 848 4304 erat
871 4240 926 4303 lux
949 4239 1123 4303 hominum.
1138 4238 1150 4276 ⁵
1163 4246 1194 4303 et
1215 4239 1271 4302 lux
1283 4240 1316 4303 in
1330 4239 1468 4304 tenebris
1483 4240 1526 4302 lu·

303 4348 353 4406 oet
374 4347 406 4407 et
427 4342 574 4408 tenebrae
597 4366 665 4408 eam
689 4365 753 4407 non
776 4342 1099 4428 conpraehenderunt.
1145 4341 1157 4377 ⁶
1202 4341 1280 4405 Fuit
1300 4342 1393 4405 homo
1413 4340 1526 4406 missus

303 4468 321 4509 a
344 4445 383 4508 do
406 4445 457 4510 oui
480 4469 595 4511 nomen
618 4452 686 4511 erat
709 4445 870 4510 iohannes.
885 4443 959 4508 ⁷th
982 4442 1072 4508 uenit
1093 4442 1126 4508 in
1150 4441 1414 4509 testimoniumut
1442 4443 1527 4508 testi-

303 4546 445 4612 monium
467 4548 647 4634 perhiberet
669 4548 707 4612 de
732 4546 852 4611 lumine
880 4554 916 4609 ut
949 4568 1057 4610 omnes
1087 4546 1248 4610 crederent
1281 4568 1336 4630 per
1368 4545 1467 4611 illum.
1514 4544 1527 4580 ⁸

303 4649 377 4715 Non
399 4657 466 4716 erat
488 4649 542 4715 ille
564 4653 621 4716 lux
643 4650 697 4716 sed
720 4658 755 4715 ut
777 4648 993 4715 testimonium
1018 4648 1196 4735 perhiberet
1225 4648 1263 4710 de
1290 4646 1409 4711 lumine
1432 4647 1527 4714 ⁹erat
