3467 5192
708 279 835 317 marcum
853 265 889 330 (o.
909 264 944 320 6).
1373 269 1433 331 111

208 432 255 497 illi
277 441 383 499 autem
406 431 555 499 dixerunt
577 433 616 499 ei.
641 440 753 500 euntes
775 458 918 500 ememus
943 419 1041 521 panes
1062 435 1268 502 ducentorum
1292 435 1435 502 denario·

207 560 278 602 rum
301 543 333 602 et
355 535 498 602 dabimus
521 536 584 602 illis
606 537 805 603 manducare.
851 535 878 574 55
921 539 996 622 Ipse
1017 559 1094 603 uero
1116 537 1161 604 ait
1183 537 1255 604 illis.
1278 540 1362 624 quod
1384 563 1436 625 pa-

207 663 263 706 nes
285 639 409 705 habetis
430 638 475 704 ite
497 639 611 705 uidete.
658 640 701 706 Et
728 663 798 705 oum
833 639 1055 725 cognouissent
1087 639 1197 706 dicunt
1230 640 1260 705 ei
1293 642 1436 727 quinque

207 765 304 829 panes
327 749 359 807 et
381 742 458 807 duos
480 741 589 827 pisces.
636 740 671 788 55·
706 743 750 808 Elt
770 741 913 828 precepit
936 742 1000 807 illis
1022 748 1060 807 ut
1088 742 1299 809 discumberet
1325 767 1441 810 omnes-

206 867 263 931 per
285 843 488 910 contubernia
510 867 605 930 super
626 844 760 910 uiridem
783 843 976 910 fenum⁴⁰et
1005 844 1233 911 discubuerunt
1261 845 1295 910 in
1328 855 1440 932 partes-

206 971 263 1034 per
284 956 433 1013 centenos
456 952 487 1012 et
508 946 755 1032 quinquagenos.
801 946 826 984 ⁴¹
886 948 931 1013 Et
953 947 1077 1032 adcepit
1098 947 1149 1011 ihs
1173 947 1314 1033 quinque
1344 949 1431 1034 pani·

206 1055 264 1118 bus
288 1059 319 1117 et
341 1051 462 1116 duobus
484 1049 633 1135 piscibus.
679 1045 865 1136 Respiciens
888 1049 922 1114 in
945 1050 1067 1114 caelum
1089 1049 1253 1116 benedixit
1284 1050 1435 1136 etfregit

146 1197 150 1212 ,
207 1153 357 1239 Quinque
379 1175 477 1238 panes
501 1158 533 1217 et
555 1151 641 1218 dedit
665 1151 828 1238 discipulis
855 1152 921 1217 suis
954 1161 990 1216 ut
1022 1158 1176 1237 ponerent
1208 1160 1282 1219 ante
1315 1177 1368 1218 eos
1401 1166 1434 1218 et

206 1258 283 1322 duos
305 1255 406 1341 pisces
428 1254 540 1320 diuisit
562 1253 716 1320 omnibus.
730 1253 801 1320 4²et
823 1255 1095 1320 manducauerunt
1115 1278 1224 1320 omnes
1247 1262 1279 1320 et
1301 1257 1435 1322 saturati·

206 1367 287 1425 sunt.
300 1357 373 1424 ⁴³et
395 1363 535 1422 tulerunt
567 1357 716 1442 reliquias
750 1355 999 1442 fragmentorum
1033 1355 1109 1420 XII
1141 1357 1292 1442 cophinos
1323 1360 1439 1445 plenos

206 1462 244 1526 de
265 1459 412 1547 piscihus.
458 1458 485 1496 ⁴⁴
528 1460 631 1526 Erant
653 1467 759 1525 autem
782 1459 837 1545 qui
858 1459 1132 1526 manducanernnt
1160 1459 1302 1546 quinque
1332 1461 1434 1526 millia

205 1563 354 1630 uirorum.
399 1561 427 1601 ‘⁵
470 1562 515 1627 Et
537 1561 645 1629 statim
667 1583 798 1647 surgens
827 1562 931 1647 coegit
957 1560 1123 1648 discipolos
1157 1585 1229 1629 suos
1262 1565 1434 1630 ascendere

205 1689 319 1732 nauem
341 1672 378 1731 ut
398 1665 580 1752 precederet
602 1688 674 1729 eum
697 1672 783 1730 trans
806 1663 922 1730 fretum
954 1665 992 1729 ad
1027 1664 1222 1730 bethsaidam
1256 1665 1331 1731 dum
1364 1667 1438 1755 ipse

206 1768 378 1834 dimitteret
398 1768 560 1854 populum.
604 1766 632 1806 ⁴⁶
675 1767 719 1834 Et
742 1791 812 1833 cum
835 1765 1007 1832 dimisisset
1028 1790 1081 1833 eos
1113 1767 1192 1833 abiit
1224 1768 1258 1834 in
1290 1777 1430 1836 montem

206 1893 302 1937 orare.

289 1973 370 2038 XX.
406 1972 444 2051 „⁴⁷
486 1973 531 2038 Et
553 1995 623 2037 cum
647 1995 715 2038 sero
738 1979 821 2037 esset
842 1971 963 2038 factum
984 1972 1047 2037 iam
1071 1979 1138 2039 erat
1159 1974 1251 2039 nauis
1273 1972 1307 2039 in
1327 1977 1437 2042 medio

204 2075 284 2142 mari
307 2075 426 2162 etipse
448 2075 500 2140 ihs
523 2075 607 2141 solus
630 2075 663 2139 in
686 2082 778 2141 terra.
792 2073 820 2113 4⁸
831 2084 863 2141 et
886 2074 999 2141 uidens
1022 2075 1093 2141 illos
1114 2076 1269 2162 remigare
1292 2083 1324 2143 et
1345 2079 1431 2143 labo-

204 2186 309 2245 rantes
332 2186 399 2245 erat
420 2177 505 2243 enirn
527 2177 592 2243 illis
613 2186 728 2243 uentus
752 2177 934 2243 contrarius.
979 2178 1024 2243 Idt
1046 2178 1172 2243 circiter
1204 2187 1316 2265 quarta
1349 2180 1430 2266 uigi-

205 2281 248 2347 lia
269 2281 370 2348 noctis
391 2281 481 2346 uenit
501 2280 553 2345 ihs
585 2280 749 2346 ambulans
772 2303 851 2367 upra
873 2303 991 2346 marem
1006 2280 1040 2365 (1)
1074 2288 1106 2346 ct
1131 2281 1257 2348 uolebat
1279 2282 1432 2369 preterire

204 2384 283 2450 illos.
327 2382 355 2422 4⁹
398 2383 453 2448 Illi
476 2406 551 2450 uero
576 2389 610 2448 ut
636 2382 788 2448 uiderunt
815 2382 906 2448 illum
940 2384 1154 2450 ambulantem
1185 2406 1281 2469 supra
1312 2408 1431 2451 marem

204 2493 396 2573 putauerunt
417 2487 626 2572 ph(ant)asma
652 2509 722 2552 esse
746 2492 778 2550 et
800 2490 1066 2551 exclamauerunt.
1081 2484 1110 2525 ⁶⁰
1120 2509 1229 2551 omnes
1252 2494 1285 2553 et
1310 2493 1431 2553 contur-

203 2588 268 2655 bati
291 2599 373 2654 sunt.
420 2589 463 2654 Et
484 2589 607 2654 locutus
631 2596 678 2654 est
700 2589 738 2654 ad
762 2611 814 2654 ecs
838 2587 946 2653 dicens
968 2588 1115 2653 confidite
1137 2611 1195 2673 ego
1227 2613 1298 2654 sum
1330 2589 1435 2656 nolite

202 2691 327 2757 timere.
372 2691 398 2730 ⁵²
442 2693 486 2758 Et
508 2690 650 2757 ascendit
673 2691 707 2755 in
730 2691 839 2756 nanim
863 2690 902 2755 ad
924 2690 995 2756 illos
1018 2697 1050 2756 et
1071 2690 1208 2756 cessauit
1228 2699 1352 2758 uentus.
1386 2694 1436 2758 Et

201 2794 273 2880 plus
294 2793 395 2878 magis
417 2793 501 2859 intra
524 2817 557 2859 sc
579 2795 749 2880 stupebant
762 2792 788 2832 55
800 2817 862 2859 non
886 2793 970 2859 enim
994 2792 1221 2859 intellexerunt
1242 2794 1281 2860 de
1294 2796 1434 2881 panibus

202 2896 376 2962 eratenim
399 2919 451 2962 cor
474 2897 600 2961 illorum
628 2896 780 2962 celusum.
827 2895 853 2934 55
897 2896 941 2961 Idt
968 2918 1040 2961 cum
1068 2894 1323 2963 transfretassent
1355 2889 1438 2964 inde

200 3006 415 3084 peruenerunt
437 2999 476 3062 ad
499 3007 614 3064 terram
637 3021 778 3083 genesar.
836 2996 863 3035 ⁵⁴
917 2998 961 3063 Et
995 3019 1067 3064 cum
1100 3019 1243 3082 egressus
1276 3007 1358 3065 esset
1390 3001 1430 3067 de

201 3103 275 3166 naui
298 3100 448 3166 continuo
471 3109 686 3185 cognouerunt
713 3124 795 3167 eum.
842 3099 870 3140 55
912 3101 957 3166 Et
988 3099 1268 3166 circumcurrentes
1300 3101 1429 3168 uniuer-

201 3227 267 3269 sam
290 3202 449 3288 regionem
473 3203 560 3268 illam
584 3211 754 3289 coeperunt
776 3205 809 3268 in
831 3203 990 3289 grabbatis
1011 3203 1094 3268 ferre
1119 3225 1228 3269 omncs
1260 3206 1343 3270 male
1376 3207 1430 3270 ba·

199 3308 309 3372 bentes
343 3303 608 3371 circumferebant
642 3312 748 3370 autem
783 3329 836 3371 eos
867 3305 1058 3391 ubicumque
1080 3304 1228 3371 audiebat
1249 3306 1316 3371 ihm
1350 3330 1427 3374 esse.

200 3409 228 3447 55
238 3415 271 3475 et
293 3430 494 3494 quocumque
516 3407 665 3474 introibat
687 3407 722 3473 in
745 3407 832 3474 uicos
855 3409 908 3474 uel
932 3407 967 3473 in
1001 3407 1095 3473 uillas
1128 3414 1183 3472 aut
1215 3408 1249 3472 in
1283 3408 1435 3476 ciuitates

200 3513 358 3598 ponebant
379 3510 519 3577 infirmos
542 3509 629 3576 etin
651 3509 765 3596 plateis
793 3516 825 3576 et
846 3511 1095 3597 deprecabantur
1117 3533 1190 3576 eum
1212 3517 1249 3576 ut
1277 3512 1330 3578 uel
1360 3515 1429 3576 firn-

199 3613 299 3680 briam
335 3613 518 3680 uestimenti
555 3612 623 3679 eius
659 3617 803 3697 tangeret
841 3619 874 3678 et
916 3613 1083 3698 quodquod
1126 3612 1304 3698 tetigissent
1347 3615 1428 3680 salui

200 3719 325 3783 fiebant.

283 3819 386 3888 XXI.
410 3821 447 3899 (c.
474 3820 505 3899 7)
536 3817 546 3853 ¹
581 3817 626 3883 Et
647 3815 842 3883 conueniunt
874 3819 912 3882 ad
936 3819 977 3883 ed
999 3817 1157 3904 pharisaei
1179 3825 1212 3885 et
1235 3818 1363 3904 quidam
1387 3819 1431 3884 de-

199 3921 307 3989 scribis
331 3923 369 3987 ab
390 3918 610 3987 hierosolimis.
657 3917 670 3955 5
714 3917 874 4003 Quicum
897 3918 1052 3986 uidissent
1079 3919 1230 4005 quosdam
1264 3928 1304 3986 eri
1336 3919 1427 3986 disci-

198 4024 280 4110 pulis
303 4023 371 4090 eius
394 4021 601 4089 conmunibus
623 4020 769 4086 manibus
794 4020 827 4086 id
850 4028 982 4087 estnon
1004 4022 1078 4088 lotis
1099 4023 1290 4089 manducare
1310 4045 1426 4108 panem

197 4127 462 4214 uituperauerunt
483 4148 546 4191 eos.
592 4123 604 4162 5
648 4122 815 4189 Pharisaei
836 4131 944 4189 autem
966 4132 999 4190 et
1020 4147 1129 4191 omnes
1150 4125 1257 4192 iudaei
1282 4124 1344 4191 nisi
1366 4149 1427 4212 pu·

196 4230 271 4316 gillo
292 4229 408 4294 lauerit
430 4250 542 4293 manus
564 4233 606 4292 nd
629 4227 822 4292 manducant
843 4248 957 4313 panem
979 4232 1123 4293 tenentes
1145 4227 1315 4293 traditione
1345 4229 1426 4294 seni·

196 4355 295 4397 orum.
341 4330 355 4368 5
397 4330 442 4395 Idt
464 4353 482 4394 a
504 4328 572 4395 foro
596 4353 667 4394 curn
690 4328 816 4394 uenerit
837 4327 900 4393 nisi
928 4328 1130 4415 baptizentur
1163 4353 1226 4396 non
1260 4329 1426 4418 adcipiunt

196 4442 228 4500 et
250 4433 313 4499 alia
333 4433 434 4499 multa
456 4439 531 4499 sunt
554 4454 635 4517 quae
656 4430 775 4497 tradita
797 4436 871 4497 sunt
893 4429 959 4496 illis
973 4453 1099 4497 seruare
1117 4432 1308 4519 baptismum
1323 4433 1425 4499 calioir

196 4543 228 4601 et
249 4558 413 4603 urceorum
436 4541 469 4601 et
490 4539 742 4600 aeramentorum
765 4539 797 4599 et
818 4533 981 4600 lectorum.
1026 4532 1040 4572 5
1082 4534 1127 4600 Et
1140 4533 1336 4620 interrogant
1350 4557 1424 4601 eum

194 4638 352 4723 pharisaei
375 4646 406 4706 et
428 4636 547 4704 scribae
570 4635 717 4702 dicentes.
764 4633 871 4719 Quare
901 4633 1050 4720 discipuli
1080 4635 1128 4700 tui
1154 4659 1218 4702 non
1246 4645 1428 4722 sequuntur
