3467 5192
240 241 302 306 126
665 239 701 303 (9.
722 238 765 304 lb)
783 237 965 303 euangelium
991 251 1047 288 sec.

237 411 358 478 dimisit
379 410 444 475 illis
467 409 636 475 barabbam
659 415 692 474 et
713 407 845 473 tradidit
867 407 934 472 ihm
956 404 1089 491 flagellis
1111 428 1218 471 cesum
1240 416 1276 472 ut
1306 406 1470 491 crucifige·

238 523 334 581 retur.
372 512 399 552 ¹⁶
430 512 546 578 Militis
558 515 594 590 (l)
607 519 714 576 autem
726 511 887 576 duxerunt
901 534 974 574 eum
997 509 1031 573 in
1054 508 1169 574 atrium
1191 508 1322 595 pretorii
1345 515 1378 574 et
1399 533 1471 574 con·

240 616 359 683 uocatis
393 622 492 680 totam
526 612 1226 697 9919919911919991199991999999999919
1252 620 1285 677 et
1313 611 1471 698 imposne

239 727 314 785 runt
335 718 365 783 ei
388 717 502 783 factam
525 715 668 802 spineam
684 738 840 781 coronam.
856 713 928 780 1191
947 715 1127 781 salutabant
1148 737 1221 778 eum
1243 715 1390 795 haber(!)
1411 737 1469 778 rex

240 818 704 905 191999999119199999119199
726 819 815 882 illum
840 819 879 882 de
902 817 1057 882 arundine
1079 817 1112 880 in
1136 825 1231 903 caput
1253 823 1284 882 et
1317 840 1467 903 conspue-

239 926 316 989 bant
338 923 368 988 ei
389 931 421 988 et
443 922 602 1007 ponebant
623 945 727 1005 genua
749 921 922 986 adorabant
942 943 1026 984 eum.
1073 917 1100 956 11
1142 921 1187 984 Et
1218 927 1386 1004 postquam
1419 919 1473 982 de·

240 1029 384 1092 luserunt
406 1049 478 1090 eum
503 1029 662 1088 exuerunt
685 1047 757 1088 eum
779 1046 953 1109 purpuram
983 1032 1015 1088 et
1048 1022 1221 1087 induerunt
1251 1022 1343 1086 illum
1376 1021 1472 1086 uesti-

240 1137 348 1194 menta
370 1135 478 1194 suaet
500 1127 661 1191 duxerunt
684 1151 756 1191 eum
780 1133 816 1191 ut
847 1124 1074 1210 crucifigerent.
1130 1123 1156 1161 11
1211 1125 1256 1190 Et
1285 1123 1468 1209 angariaue·

241 1238 316 1296 runt
336 1254 499 1314 symonem
523 1227 706 1315 cyrinaeum
729 1237 946 1294 transeuntem
970 1228 1152 1294 uenientem
1169 1229 1208 1292 de
1222 1227 1332 1291 uillam
1348 1233 1471 1312 patrem

241 1333 402 1399 alexandri
425 1342 461 1398 ut
483 1333 611 1399 tolleret
634 1355 757 1397 crucem
780 1330 858 1396 eius.
906 1329 933 1367 11
975 1332 1021 1395 Ε1
1048 1330 1209 1395 adducunt
1237 1353 1310 1395 eum
1343 1330 1378 1393 in
1408 1330 1471 1414 gol·

242 1438 338 1522 gotha
361 1459 432 1501 oum
457 1435 541 1521 quod
564 1443 612 1500 est
633 1434 876 1520 interpetratum
888 1433 920 1517 (1)
943 1432 1100 1498 caluariae
1121 1433 1218 1499 locus.
1232 1432 1301 1498 1191
1316 1431 1475 1497 dederunt

243 1539 273 1604 ei
294 1538 401 1603 bibere
424 1544 600 1603 murratum
623 1537 735 1601 uinum
758 1545 790 1602 et
812 1559 876 1601 non
905 1535 1038 1621 adeepit.
1096 1534 1123 1572 11
1174 1537 1218 1600 Et
1249 1535 1476 1601 crucifixerunt

243 1665 315 1708 eum
340 1650 372 1705 et
398 1640 578 1705 diuiserunt
607 1640 798 1705 uestimenta
831 1638 899 1704 eius
932 1637 1096 1703 mittentes
1129 1647 1254 1704 sortem.
1311 1638 1338 1678 13
1393 1640 1475 1703 Erat

243 1751 349 1810 autem
372 1745 449 1808 hora
471 1742 535 1807 diei
557 1741 650 1807 tertia
673 1747 705 1806 et
728 1741 947 1806 custodiebant
969 1740 1135 1807 99991191
1158 1750 1226 1806 9991
1248 1742 1475 1828 superscribtio

244 1845 383 1912 oriminis
426 1846 541 1910 scribta
584 1868 641 1910 rex
685 1843 978 1926 19199999991191
1028 1866 1100 1910 cum
1156 1868 1194 1909 9ο
1249 1845 1477 1910 crucifixerunt

245 1949 306 2014 duo
339 1949 477 2012 latrones
509 1971 608 2012 unum
632 1946 672 2011 ad
695 1948 839 2011 dextram
863 1953 895 2011 et
918 1946 1014 2010 alium
1040 1947 1080 2012 ad
1105 1946 1274 2012 sinistram.
1289 1945 1359 2012 1191
1388 1947 1475 2013 adin·

244 2051 330 2138 911919
352 2059 400 2114 991
421 2049 576 2135 scriptura
599 2073 679 2134 quae
709 2049 795 2114 dicit.
828 2057 859 2114 et
894 2071 965 2114 oum
999 2049 1119 2134 iniquis
1142 2049 1312 2135 deputatus
1345 2060 1400 2116 est.
1447 2049 1477 2089 11

244 2155 288 2218 Et
309 2157 546 2239 praetereuntes
568 2152 827 2238 blasphemabant
850 2175 922 2216 eum
946 2159 1111 2216 mouentes
1138 2153 1241 2238 capita
1270 2175 1328 2217 sua
1362 2162 1394 2218 et
1427 2153 1472 2218 di·

245 2263 350 2322 centes
373 2255 436 2319 uah
459 2253 514 2340 qui
537 2255 679 2320 destrues
701 2255 855 2341 templum
872 2262 904 2320 et
926 2255 1107 2319 reaedificas
1130 2253 1210 2319 illud
1231 2255 1266 2319 in
1288 2255 1389 2321 tribus
1412 2257 1476 2320 die·

245 2360 304 2424 bus
317 2356 344 2394 11
355 2358 478 2423 saluum
502 2363 533 2422 19
556 2357 606 2422 199
628 2364 660 2423 91
681 2357 839 2443 principes
862 2358 1016 2422 descende
1046 2356 1085 2422 de
1108 2379 1209 2422 cruce.
1224 2354 1250 2393 ³¹
1260 2366 1292 2422 et
1316 2357 1477 2445 principes

246 2461 441 2526 sacerdotum
464 2459 638 2524 inridentes
661 2460 700 2524 ad
724 2460 911 2524 alterutrum
934 2483 1005 2524 cum
1028 2459 1137 2524 scribis
1160 2460 1306 2525 dieebant
1327 2460 1405 2526 alios
1420 2467 1477 2526 sal·
1530 2538 1534 2543 .

246 2586 306 2628 uus
318 2563 352 2646 u)
376 2562 452 2627 19911
474 2562 611 2648 seipsum
628 2563 751 2627 saluum
762 2562 864 2628 facere
875 2585 937 2626 non
947 2570 1058 2648 potest.
1073 2561 1100 2600 11
1110 2567 1170 2639 991
1185 2586 1241 2628 rex
1259 2563 1388 2628 istrahel
1411 2564 1477 2628 (199-

248 2666 360 2730 cendat
371 2688 456 2729 nunc
469 2665 507 2728 de
519 2688 610 2730 cruce
626 2674 662 2729 ut
677 2664 842 2730 uideamus
858 2673 890 2730 et
905 2665 1068 2730 credamus
1083 2664 1123 2728 91.
1157 2665 1201 2729 Et
1212 2665 1268 2752 qui
1280 2664 1374 2731 simul
1387 2676 1478 2731 erent

248 2791 319 2832 cum
342 2790 379 2831 eo
403 2766 665 2832 conuitiebantur.
719 2765 745 2804 11
790 2768 833 2832 Et
863 2766 946 2832 19919
979 2769 1057 2832 19999
1089 2778 1179 2832 sexta
1212 2769 1359 2832 tenebrae
1394 2768 1478 2834 facte

247 2877 321 2936 sunt
343 2893 437 2956 super
459 2876 556 2933 totam
580 2876 696 2933 terram
711 2892 811 2953 usque
826 2870 858 2934 in
873 2893 959 2934 oram
973 2868 1145 2953 (1199999.
1179 2867 1206 2906 11
1241 2869 1287 2934 Et
1302 2894 1386 2935 nona
1400 2871 1480 2936 hora

248 2971 439 3037 exclamauit
460 2971 512 3036 ihs
535 2994 612 3037 uoce
635 2995 749 3056 magna
771 2971 836 3036 heli
857 2972 924 3036 heli
940 2973 971 3035 la
990 2972 1188 3058 sapmathani
1204 2972 1288 3056 quod
1311 2980 1358 3038 est
1380 2973 1478 3038 inter·

248 3082 405 3162 pretatum
429 3074 466 3138 (11
489 3097 578 3138 meus
601 3075 638 3138 ds
660 3098 749 3140 meus
772 3096 870 3160 99999
893 3099 944 3138 me
966 3074 1173 3160 dereliquisti.
1219 3074 1247 3113 11
1290 3077 1334 3140 Et
1349 3075 1477 3160 quidam

249 3178 287 3244 de
311 3177 586 3242 circumstantibus
609 3177 773 3242 audientes
800 3177 947 3242 dicebant
976 3176 1093 3241 heliam
1127 3185 1220 3242 uocat
1252 3176 1480 3243 1919119191·

250 3303 377 3346 currens
406 3302 488 3344 unus
517 3278 652 3365 inpleuit
686 3279 848 3365 spongiam
883 3291 974 3345 aceto
1008 3279 1234 3366 circumposuit
1267 3280 1415 3345 arundini
1447 3290 1479 3345 et

249 3383 343 3447 dabat
363 3381 394 3446 ei
415 3387 524 3466 potum
548 3382 655 3446 dicens
678 3381 704 3446 si
727 3381 892 3448 uideamus
914 3383 941 3446 si
964 3383 1054 3447 uenit
1075 3382 1177 3448 helias
1192 3391 1224 3447 et
1239 3383 1375 3469 deponet
1395 3405 1479 3447 eum.

250 3485 295 3523 ³⁷¹
320 3485 379 3549 Ihs
401 3489 506 3548 autem
530 3483 628 3549 missa
650 3507 727 3549 uoce
750 3507 864 3569 magna
886 3484 1055 3570 expirauit.
1101 3483 1129 3520 11
1172 3486 1216 3550 Et
1237 3486 1345 3550 uelum
1367 3483 1482 3570 templi

251 3587 381 3654 scissum
405 3592 452 3652 991
474 3587 508 3650 19
531 3586 608 3651 (1999
630 3593 734 3672 partes
762 3611 780 3652 9
813 3610 935 3652 summo
970 3610 1070 3672 usque
1103 3587 1258 3652 deorsum.
1314 3585 1342 3625 11
1397 3587 1480 3654 Oum

251 3698 355 3756 autem
379 3688 502 3755 uideret
524 3689 665 3755 centurio
689 3689 744 3775 qui
767 3691 869 3754 stabat
899 3696 1007 3754 contra
1037 3714 1112 3754 eum
1144 3691 1228 3774 quod
1262 3690 1307 3756 919
1340 3691 1480 3755 olamans

251 3791 423 3857 amississet
444 3803 513 3878 spfll
536 3791 626 3856 dixit.
651 3815 725 3857 9999
747 3791 800 3857 hic
822 3793 916 3856 homo
940 3792 971 3855 di
993 3791 1078 3857 filius
1106 3799 1181 3858 erat.
1227 3792 1256 3830 ⁴⁰
1299 3794 1401 3858 Erant
1425 3817 1479 3857 au·

250 3900 313 3959 tem
338 3902 370 3958 91
392 3894 540 3959 mulieres
563 3919 581 3959 9
603 3895 695 3979 longe
718 3901 837 3960 stantes
860 3895 974 3980 quibus
1005 3899 1072 3960 erat
1101 3895 1201 3960 maria
1232 3897 1417 3980 magdalene
1450 3903 1482 3960 et

252 3995 350 4061 maria
373 3995 474 4062 iacobi
496 3996 627 4061 minoris
651 4003 682 4062 et
704 3997 813 4083 ioseph
835 4004 938 4062 mater
960 4002 992 4063 et
1015 3997 1171 4062 salome⁴l
1185 4021 1266 4083 quae
1288 4020 1362 4064 cum
1377 4003 1482 4063 essent

253 4099 285 4163 in
307 4099 472 4183 galilaeam
497 4100 709 4184 sequebantur
731 4123 804 4164 eum
828 4104 860 4164 et
883 4099 1106 4165 ministrabant
1128 4100 1157 4164 ei
1185 4109 1218 4166 et
1246 4101 1327 4166 aliae
1361 4101 1481 4165 multae

252 4224 333 4286 quae
356 4202 451 4266 simul
475 4225 545 4266 oum
570 4201 638 4288 ipso
661 4201 867 4267 ascenderant
889 4201 1110 4287 hierosolyma.
1122 4202 1195 4267 1191
1217 4226 1289 4269 cum
1318 4203 1382 4268 iam
1413 4226 1481 4268 sero

252 4310 334 4369 esset
356 4302 474 4368 1991999
498 4303 647 4388 quoniam
671 4312 737 4370 erat
768 4327 938 4389 parasceue
973 4304 1056 4388 quod
1090 4313 1139 4371 est
1173 4312 1246 4370 ante
1280 4307 1443 4370 sabbatum
1454 4303 1483 4342 11

252 4405 342 4471 uenit
364 4405 473 4492 ioseph
496 4407 535 4471 ab
558 4406 727 4471 arimathia
750 4406 840 4472 diues
863 4407 991 4471 decurio
1022 4407 1078 4492 qui
1106 4415 1138 4473 et
1170 4407 1239 4494 ipse
1272 4416 1339 4474 erat
1370 4431 1481 4494 expec-

253 4515 324 4573 tans
346 4532 476 4594 regnum
500 4509 532 4573 di
554 4509 607 4575 hio
630 4516 810 4574 constanter
832 4509 966 4574 intrauit
987 4509 1027 4574 ad
1049 4510 1182 4596 pilatum
1206 4517 1238 4576 et
1267 4512 1348 4596 petit
1371 4532 1482 4596 corpus

254 4609 490 4696 iht'r.⁴4pilatus
513 4620 619 4677 autem
643 4611 816 4676 mirabatur
838 4611 864 4676 91
887 4611 951 4675 iam
974 4611 1103 4678 obiisset
1125 4619 1157 4678 et
1171 4622 1282 4679 uocato
1298 4614 1483 4678 centurione
